2984 4959
468 320 570 406 76
758 401 811 490 ⁴
1385 315 1502 387 De
1535 315 1797 412 vecla.

468 501 702 568 habeat
715 551 735 581 ‚
776 499 1029 586 integra
1069 507 1325 566 manent
1365 508 1582 565 cetera
1595 547 1614 578 ‚
1659 498 1775 565 nisi
1818 497 1993 586 quod
2034 498 2303 567 duarum
2344 523 2733 569 concurren-

465 616 624 683 tium
662 597 969 680 {vocalium
1003 611 1237 700 prior,
1297 611 1476 701 cujus
1517 634 1709 678 sonus
1756 612 1858 678 hic
1907 612 2160 678 omnino
2200 615 2554 702 praevalet,
2600 617 2734 684 sola

1424 704 1508 744 ino

339 810 345 816 ·
470 774 724 843 auditur
758 795 965 861 eaque
992 769 1212 857 longa,
1252 780 1326 837 ut
1354 757 1473 870 ἦρξ’
1524 729 1703 874 [ἰξῷ
1743 764 2135 837 libertina-ti
2178 795 2257 839 ex
2299 770 2590 839 likdanci
2623 774 2737 839 iti.

335 1009 441 1059 139
636 992 698 1059 3.
742 991 1049 1081 Adeoque
1087 989 1184 1057 his
1224 967 1525 1058 omnibus¹
1553 1014 1632 1057 ex
1678 992 1883 1058 causis
1921 991 2444 1079 signum-Veclae
2494 990 2579 1058 ad
2612 992 2747 1059 Alif

466 1104 574 1172 tali
627 1104 955 1204 mutationi
1010 1104 1350 1171 obnoxium
1404 1103 1893 1191 significandum
1939 1128 2105 1192 aque
2153 1104 2448 1172 hamzato
2505 1103 2570 1196 §.
2607 1107 2736 1172 186

459 1198 988 1305 distinguendum
1042 1222 1300 1288 vocibus
1371 1221 1506 1288 istis
1557 1216 1785 1310 §.134
1835 1215 2196 1285 adhaerere
2241 1219 2600 1299 consuevit,
2664 1230 2736 1287 ut

467 1330 549 1397 ab
621 1330 829 1394 initio
890 1353 1147 1419 quoque
1216 1330 1384 1397 libri
1446 1331 1543 1397 vel
1610 1331 1960 1396 sententiae
2029 1320 2356 1398 absolutae
2422 1331 2556 1397 Alis
2608 1332 2736 1400 hoc

464 1442 701 1529 Veclae
750 1444 935 1531 signo
977 1445 1326 1525 scribatur,
1390 1443 1593 1511 vocali
1634 1466 1712 1510 ex
1752 1444 1926 1509 vocis
1978 1467 2167 1511 sensu
2212 1443 2385 1509 haud
2434 1445 2525 1512 ita
2566 1444 2734 1512 diffi-

467 1557 671 1624 culter
724 1551 1075 1626 divinanda.
1204 1560 1369 1628 Sunt
1420 1570 1636 1626 tamen
1691 1557 1800 1641 qui
1848 1556 1916 1622 id
1975 1557 2409 1645 improbantes
2463 1558 2598 1624 Alif
2643 1562 2729 1626 ab

466 1671 643 1738 initio
704 1671 1056 1737 sententiae
1108 1669 1310 1736 vocali
1378 1672 1494 1737 sua
1546 1680 1612 1736 et
1660 1668 1886 1735 hamza
1936 1671 2250 1754 scribant3
2325 1671 2391 1736 in
2448 1673 2732 1740 Koranis

464 1784 761 1851 africanis
812 1807 958 1849 cum
1002 1782 1236 1869 Veclae
1281 1782 1446 1850 linea
1510 1781 1692 1849 simul
1740 1783 1970 1851 vocalis
2028 1807 2196 1872 quae
2255 1786 2735 1872 pronuncianda

462 1897 546 1963 sit
586 1896 804 1962 colore
846 1894 1026 1961 viridi
1069 1906 1345 1963 notatum·
1378 1895 1469 1982 ¹).
1509 1931 1597 1944 —
1681 1896 1986 1963 Ceterum
2028 1897 2282 1984 signum
2322 1896 2450 1963 hoc
2480 1900 2733 1967 omnino

461 2013 699 2097 magna
753 2009 956 2075 rarius
1014 2008 1309 2076 scribitur
1358 2007 1743 2085 constantia,
1804 2031 1951 2075 cum
2006 2010 2202 2097 quivis
2244 2010 2506 2099 linguae
2542 2014 2734 2102 paulo

458 2123 719 2211 peritior
757 2123 1031 2211 probum
1084 2120 1346 2209 legendi
1384 2143 1571 2187 usum
1618 2121 1803 2187 facile
1844 2146 1882 2189 e
1931 2145 2102 2190 nexu
2137 2123 2368 2194 videat.

326 2345 434 2397 140
482 2298 487 2303 .
628 2331 768 2398 Alifi
816 2330 1002 2421 hujus
1058 2330 1121 2396 in
1181 2330 1490 2398 sermonis
1535 2353 1703 2396 nexu
1756 2330 1933 2396 haud
1977 2330 2211 2414 auditi,
2308 2334 2427 2402 sed
2487 2341 2734 2454 perspi-

460 2445 710 2512 cuitatis
757 2446 965 2533 gratia
1022 2466 1257 2532 magna
1323 2456 1538 2512 tamen
1602 2444 1821 2532 scripti
1886 2444 2272 2527 constantia,
2333 2449 2548 2517 omissi
2604 2476 2732 2519 non

456 2569 606 2628 sunt
644 2558 763 2625 nisi
808 2580 1018 2648 pauca
1065 2558 1229 2625 haec
1266 2558 1576 2645 vestigia.
1647 2554 1723 2643 1)
1775 2554 1909 2622 Alis
1942 2556 2106 2623 inter
2151 2555 2280 2624 duo
2332 2560 2519 2628 Lam
2567 2588 2733 2632 sem-

457 2739 577 2805 per
644 2715 991 2783 faciliorem
1050 2716 1135 2780 ob
1208 2716 1588 2805 scripturam
1642 2714 1947 2781 omittitur
1967 2764 1986 2796 ‚
2036 2726 2142 2783 ut
2205 2661 2406 2820 3³3„
2420 2764 2442 2799 ‚
2499 2658 2733 2794 :isam

456 2846 536 2933 2)
596 2845 662 2913 in
727 2847 996 2914 formula
1048 2857 1185 2913 tum
1249 2847 1623 2935 antiquitate
1695 2847 1942 2914 sacrata
2022 2856 2162 2914 tum
2220 2849 2729 2990 frequentissima

815 2949 920 2981 θῶ
942 2956 992 2979 νο
1022 2971 1029 2976 ·
1053 2950 1132 2980 3⁸0
1217 2947 1250 2979 0

461 2947 701 3106 &23³5
745 2994 966 3093 0³0>st
1018 2992 1109 3059 &W
1165 3024 1310 3112 (⁴⁶⁸⁰,
1349 3005 1455 3093 ²).
1530 3005 1610 3092 3)
1639 3025 1723 3091 cs?
1748 3001 1966 3092 filius
2005 3007 2303 3102 scribitur
2335 3034 2454 3099 pro
2502 3003 2607 3100 &gl
2670 3020 2738 3085 in

463 3140 865 3206 enarratione
922 3138 1344 3227 genealogica
1401 3137 1732 3217 continua,
1801 3136 1853 3203 si
1911 3136 2075 3204 inter
2117 3138 2246 3206 duo
2292 3146 2546 3213 nomina
2584 3171 2736 3237 pro-

460 3251 600 3339 pria
660 3262 791 3333 est,
853 3241 1122 3343 quorum
1161 3254 1336 3341 prius
1380 3252 1577 3319 filium
1617 3250 1817 3340 patris
1858 3253 2069 3319 statim
2112 3256 2475 3324 nominandi
2519 3263 2735 3350 appel-

1063 3389 1086 3402 e
1177 3375 1236 3406 ,0
1329 3371 1407 3406 δ”
1375 3387 1406 3405 ω
1438 3391 1463 3402 ι-

457 3426 581 3509 lat,
648 3437 717 3495 ut
779 3417 872 3482 ΛΠ
952 3436 1089 3485 ‘MS
1159 3451 1247 3516 ‹3›
1320 3437 1542 3491 &0⁵1ae
1609 3431 2064 3498 Muhammed
2082 3428 2299 3518 filius
2338 3434 2732 3520 Abdallae,
2716 3467 2734 3482 ·

460 3580 823 3649 quanquam
863 3559 932 3628 id
963 3519 1037 3628 in
1079 3562 1286 3631 multis
1322 3561 1468 3631 cdd.
1492 3564 1645 3651 lege
1686 3561 1860 3629 haud
1900 3564 2273 3648 observatur
2314 3569 2612 3638 continua
2639 3572 2731 3660 3).

568 3919 632 3988 1)
667 3935 717 3971 v.
754 3917 881 3971 Not.
920 3924 975 3971 et
1009 3917 1133 3972 Ext.
1171 3922 1206 3973 l.
1236 3938 1281 3975 c.
1320 3929 1374 3976 et
1409 3925 1473 3977 Τ.
1504 3930 1555 3982 9.
1593 3945 1643 3995 p.
1666 3931 1756 3980 87.

566 4042 631 4111 2)
670 4058 718 4094 v,
752 4041 933 4094 Hariri
973 4041 1027 4093 in
1064 4044 1223 4110 Sacyi
1259 4046 1397 4102 anth.
1434 4068 1484 4118 p.
1521 4056 1607 4104 65.
1687 4079 1690 4084 ·

572 4166 636 4234 3)
669 4165 737 4218 cf.
772 4165 906 4218 inter
952 4165 1054 4216 alia
1100 4168 1404 4233 Uylenbrok
1449 4173 1580 4226 Irae.
1615 4176 1763 4227 Pers.
1796 4141 1968 4229 'desen
2016 4177 2189 4231 adnot.
2231 4196 2282 4247 p.
2312 4182 2432 4233 106.
2530 4125 2739 4234 Dionen-i

678 4256 827 4307 catal.
867 4253 1024 4306 Goth.
1040 4256 1077 4307 Ι.
1118 4276 1166 4326 p.
1199 4265 1283 4313 73.
1358 4262 1549 4316 Henzii
1586 4265 1769 4333 fragm.
1815 4269 1955 4322 arab.
1994 4275 2100 4323 not.
2139 4289 2190 4340 p.
2217 4275 2266 4323 1.
2300 4274 2353 4324 2.
2393 4298 2466 4311 --
2533 4274 2616 4326 De
2651 4289 2736 4325 re-

681 4345 816 4411 gulis
851 4348 1298 4410 grammaticorum
1332 4354 1512 4407 Hariri
1546 4355 1580 4408 l.
1619 4374 1662 4410 e.
1701 4377 1751 4426 p.
1786 4362 1871 4413 66.
