2984 4959
1151 314 1692 411 Prolegomena.
2466 343 2563 414 17

283 492 495 561 vanda
531 492 866 561 videbatur
884 536 907 575 ³
950 517 1028 560 eo
1071 496 1279 584 magis
1323 520 1467 563 eam
1497 508 1723 568 notare
1738 548 1759 580 ,
1801 497 2120 588 explicare
2138 553 2156 586 ,
2200 504 2401 594 signis
2445 508 2559 575 ad-

269 608 464 699 jectis
509 606 847 694 explanare
888 610 1322 676 necessarium
1362 621 1517 679 erat.

448 743 703 811 Deinde
757 747 1115 834 perniciosa
1176 748 1351 816 facta
1411 758 1513 817 est
1563 750 1845 817 Arabum
1904 774 2051 819 cum
2096 765 2197 824 tot
2238 759 2559 849 tantisque

276 840 535 947 populis
595 859 953 947 peregrinis
1012 862 1371 928 commixtio
1426 848 1685 963 linguae
1741 886 1963 932 eorum
2013 869 2273 956 puritati
2318 883 2383 940 et
2427 874 2554 941 ele-

280 972 542 1059 gantiae
602 969 706 1061 (ἕ.
748 971 887 1058 10).
1009 974 1197 1048 Quae
1242 974 1416 1042 labes
1459 977 1762 1063 temporis
1805 1001 2155 1067 progressu
2200 983 2363 1052 adeo
2410 1012 2556 1056 suc-

283 1085 516 1166 crevit,
582 1096 655 1154 ut
708 1085 773 1150 in
842 1085 1097 1153 urbium
1154 1096 1220 1153 et
1260 1086 1597 1174 regionum
1641 1089 2165 1187 cultissimarum‚
2223 1099 2286 1164 in
2329 1103 2555 1189 quibus

278 1198 667 1265 Islamismus
753 1199 1062 1280 florebat,
1153 1191 1547 1268 clarissimis‘
1586 1204 1940 1291 quibusque
2000 1207 2221 1297 lingua
2298 1217 2557 1284 arabica

2598 788 2671 837 25

281 1333 552 1399 prorsus
613 1310 1061 1399 degeneraret.
1155 1315 1238 1380 At
1291 1313 1551 1400 linguae
1588 1317 1953 1383 Koranicae
1994 1323 2294 1391 sanctitas
2338 1339 2404 1395 et
2451 1353 2555 1395 ve·-
2611 1405 2616 1406 ff

279 1424 533 1490 neratio
591 1421 1032 1512 superstitiosa
1088 1426 1273 1492 simul
1327 1449 1523 1493 novas
1580 1419 1837 1517 semper
1878 1432 2046 1518 cepit
2083 1435 2279 1519 vires,
2335 1463 2413 1505 eo
2450 1465 2557 1509 us-

280 1560 410 1624 que
468 1537 832 1603 increscens
853 1589 872 1620 ,
940 1550 1012 1605 ut
1066 1538 1365 1606 doctores
1422 1540 1757 1617 Koranum
1801 1541 2028 1609 eodem
2069 1571 2329 1634 prorsus
2351 1604 2369 1634 .‚
2429 1579 2556 1643 quo

255 1650 431 1725 ‚olim
491 1650 935 1733 Muhammed‚
1002 1643 1194 1719 modo
1253 1653 1473 1719 sedulo
1527 1656 2075 1742 pronunciandum
2133 1684 2275 1729 esse
2329 1689 2559 1754 posce-

275 1775 452 1844 rent,
521 1763 833 1852 legesque
898 1764 983 1830 de
1037 1775 1218 1832 recta
1249 1766 1583 1833 literarum
1624 1772 2147 1859 pronunciatione
2183 1799 2559 1864 pausarum-

280 1899 413 1966 que
474 1875 558 1942 ad
620 1900 846 1944 vocem
908 1876 1368 1946 declamantem
1430 1882 1596 1947 bene
1650 1882 2099 1956 modulandam
2138 1914 2260 1959 usu
2300 1897 2558 1964 subtiles

275 1991 783 2080 multiplicesque
839 1991 1175 2063 sancirent.

444 2129 740 2218 Denique
779 2130 974 2197 totius
1021 2129 1308 2196 culturae
1350 2129 1521 2219 apud
1562 2119 1804 2201 Arabes
1857 2150 2003 2224 post
2042 2138 2556 2213 Muhammedem

268 2241 677 2310 incrementis
732 2243 912 2310 laetis
968 2242 1398 2336 scieptiaeque
1461 2245 1633 2334 apud
1689 2272 1800 2315 eos
1858 2252 2090 2340 origini
2149 2266 2214 2322 et
2257 2259 2399 2324 flori
2439 2260 2553 2328 lin-

273 2377 452 2443 guae
514 2357 817 2445 imprimis
875 2377 1233 2442 generosae
1289 2365 1356 2422 et
1410 2360 1732 2431 masculae
1802 2386 1981 2429 amor
2035 2366 2262 2454 ingens
2330 2387 2549 2461 poeta..

270 2490 546 2556 rumque
606 2470 1046 2557 antiquorum,
1111 2491 1270 2558 quos
1335 2469 1522 2560 juxta
1579 2473 1911 2542 Koranum
1970 2502 2247 2549 summos
2289 2484 2551 2573 linguae

271 2603 475 2669 purae
529 2583 872 2670 magistros
934 2591 1011 2676 set
1060 2583 1331 2649 arbitros
1390 2584 1840 2671 aestimabant,
1914 2592 2192 2661 studium
2246 2620 2397 2665 acre
2466 2601 2550 2668 ad

273 2673 759 2781 grammaticam
803 2694 1252 2784 explorandam
1296 2706 1362 2763 et
1405 2699 1839 2787 explicandam
1887 2708 2176 2775 accessit.
2293 2712 2467 2780 Hinc
2509 2740 2549 2782 a

271 2808 455 2895 primi
499 2806 650 2873 inde
711 2809 907 2874 seculi
949 2810 1076 2875 fine
1136 2809 1383 2888 fervere
1433 2816 1995 2899 grammaticorum
2046 2822 2291 2908 studia;
2363 2828 2550 2894 scho-

270 2917 372 2984 lae
411 2922 766 3007 Bacrenses
809 2922 1111 3016 imprimis
1154 2935 1220 2989 et
1251 2922 1568 3010 Cufenses
1609 2926 2026 2997 inclarescere
2038 2954 2057 3015 ;
2102 2945 2169 3002 et
2211 2949 2564 3026 postquam*

272 3030 588 3097 Elchalil
628 3044 693 3100 et
732 3031 1092 3120 Sibawaih
1130 3036 1295 3102 inter
1334 3037 1573 3125 primos
1619 3038 1993 3124 doctrinam,
2044 3068 2212 3133 quae
2251 3048 2315 3116 in
2358 3052 2548 3118 scho-

269 3142 342 3209 lis
409 3145 548 3235 jam
612 3147 920 3235 disputari
989 3158 1056 3218 et
1133 3149 1392 3215 stabiliri
1446 3152 1693 3240 coepit,
1771 3158 2256 3241 grammaticam
2309 3163 2547 3253 scripto

224 3256 240 3273 “
269 3256 578 3324 mandare
637 3271 1023 3347 coeperunt,
1087 3261 1315 3350 ingens
1377 3276 1554 3332 ortus
1600 3278 1698 3335 est
1738 3272 2301 3355 grammaticorum
2346 3281 2546 3347 omnis

272 3372 532 3457 generis
576 3395 893 3438 numerus.
990 3373 1107 3440 Alii
1146 3377 1632 3463 grammaticam
1670 3379 1986 3468 integram
2037 3388 2132 3453 vel
2173 3402 2387 3477 partes
2430 3418 2547 3483 po-

271 3484 471 3550 tiores
531 3486 784 3573 scriptis
839 3485 1152 3553 illustrare
1191 3489 1626 3573 instituerunt,
1694 3517 1734 3559 e
1792 3496 2039 3564 Korani
2061 3505 2427 3593 praecipue
2482 3520 2548 3575 et

266 3608 604 3684 poetarum
653 3598 1052 3686 antiquorum
1101 3602 1374 3670 lectione
1432 3614 1502 3671 et
1556 3607 1936 3675 auctoritate
1988 3607 2167 3700 leges
2226 3640 2375 3684 suas
2418 3631 2545 3686 sta-

267 3709 555 3777 bilientes
614 3721 678 3778 et
719 3714 1064 3799 probantes
1103 3714 1209 3801 ¹)·
1192 3768 1210 3798 ‚
1280 3716 1379 3782 alii
1424 3717 1508 3783 de
1546 3720 1792 3787 Korani
1846 3724 2175 3794 virtutibus
2204 3730 2346 3795 sive
2388 3732 2546 3799 vitiis

360 3896 422 3964 1)
481 3895 661 3949 horum
700 3915 834 3965 quae
871 3906 1239 3975 scripta·prius
1275 3910 1525 3977 impressa
1561 3913 1693 3977 sint,
1727 3929 1775 3965 v.
1811 3913 1865 3964 in
1905 3909 2208 3965 Schnurreri
2241 3912 2364 3964 bibl.
2402 3915 2544 3967 arab.

478 3988 902 4044 Ha1.1811.ln
925 3993 1072 4047 India
1092 3997 1298 4062 quidem
1318 4000 1570 4051 Orientali
1605 4000 1731 4053 satis
1767 4002 1930 4052 multa
1964 4001 2078 4066 ejus
2114 4002 2319 4067 generis
2354 4004 2548 4072 scripta

2598 2153 2670 2203 26

478 4077 743 4145 prodiere,
779 4086 843 4133 ut
873 4085 971 4137 An
1004 4088 1172 4139 entire
1208 4089 1321 4140 and
1354 4098 1554 4141 correct
1589 4089 1790 4140 edition
1799 4088 1899 4164 of
1924 4090 2016 4140 tlte
2037 4090 2156 4158 five
2193 4092 2365 4143 Books
2404 4093 2546 4162 upon
2615 4106 2618 4110 ⁴

478 4164 663 4218 arabic
714 4170 1076 4243 Gmynmaioe,
1090 4183 1095 4190 “
1162 4176 1232 4248 hy
1289 4182 1343 4233 J.
1401 4179 1603 4231 Baillie
1649 4181 1716 4235 V.
1762 4185 1849 4232 1-
1872 4185 1926 4233 3.
2008 4183 2246 4234 Calcutta
2298 4186 2476 4234 1802-
2490 4187 2544 4234 5.

483 4255 594 4306 The
646 4259 786 4311 miut
831 4261 988 4314 Amil
1022 4264 1087 4336 by
1126 4270 1203 4321 A.
1239 4269 1463 4322 Lockeet
1511 4272 1874 4337 Calc.1814‚
1931 4270 2025 4323 sed
2074 4270 2253 4322 horum
2289 4286 2453 4338 pauca
2494 4271 2547 4321 in

477 4345 741 4418 Europam
772 4353 971 4420 perlata
1012 4356 1282 4424 videntur,
1342 4346 1444 4427 ego
1479 4361 1674 4412 nullum
1722 4360 1839 4412 vidi.
1914 4362 2034 4417 Quo
2069 4360 2265 4425 majore
2294 4360 2549 4415 beneficio

1930 4456 1975 4519 2
