<?xml version="1.0" encoding="UTF-8"?>
<!DOCTYPE html PUBLIC "-//W3C//DTD XHTML 1.0 Transitional//EN"
    "http://www.w3.org/TR/xhtml1/DTD/xhtml1-transitional.dtd">
<html xmlns="http://www.w3.org/1999/xhtml" xml:lang="en" lang="en">
 <head>
  <title>
</title>
<meta http-equiv="Content-Type" content="text/html;charset=utf-8" />
  <meta name='ocr-system' content='tesseract 3.04.00' />
  <meta name='ocr-capabilities' content='ocr_page ocr_carea ocr_par ocr_line ocrx_word'/>
</head>
<body>
  <div class='ocr_page' id='page_1' title='image "./grammaticacriti00ewalgoog_0237.png"; bbox 0 0 2984 4959; ppageno 0'>
   <div class='ocr_carea' id='block_1_1' title="bbox 600 363 2538 469">
    <p class='ocr_par' dir='ltr' id='par_1_1' title="bbox 600 363 2538 469">
     <span class='ocr_line' id='line_1_1' title="bbox 600 363 2538 469; baseline 0.003 -29"><span class='ocrx_word' id='word_1_1' title='bbox 600 372 716 440; x_wconf 88' lang='lat' dir='ltr'><strong>De</strong></span> <span class='ocrx_word' id='word_1_2' title='bbox 761 363 1139 443; x_wconf 66' lang='lat' dir='ltr'><strong>nominu&#39;m</strong></span> <span class='ocrx_word' id='word_1_3' title='bbox 1191 371 1533 469; x_wconf 66' lang='lat' dir='ltr'><strong>junctura</strong></span> <span class='ocrx_word' id='word_1_4' title='bbox 1578 384 1650 443; x_wconf 87' lang='lat' dir='ltr'><strong>et</strong></span> <span class='ocrx_word' id='word_1_5' title='bbox 1702 375 2198 446; x_wconf 72' lang='lat' dir='ltr'><strong>declinatione.</strong></span> <span class='ocrx_word' id='word_1_6' title='bbox 2315 398 2320 403; x_wconf 88' lang='grc'><em>·</em></span> <span class='ocrx_word' id='word_1_7' title='bbox 2389 395 2538 463; x_wconf 77' lang='lat'><strong>223</strong></span> 
     </span>
    </p>
   </div>
   <div class='ocr_carea' id='block_1_2' title="bbox 254 567 2536 908">
    <p class='ocr_par' dir='ltr' id='par_1_2' title="bbox 254 567 2536 908">
     <span class='ocr_line' id='line_1_2' title="bbox 254 567 2536 723; baseline 0.002 -24"><span class='ocrx_word' id='word_1_8' title='bbox 254 628 536 723; x_wconf 74' lang='lat' dir='ltr'><strong>postea3</strong></span> <span class='ocrx_word' id='word_1_9' title='bbox 606 629 687 718; x_wconf 87' lang='grc'><strong>2)</strong></span> <span class='ocrx_word' id='word_1_10' title='bbox 731 630 796 695; x_wconf 89' lang='lat' dir='ltr'><strong>in</strong></span> <span class='ocrx_word' id='word_1_11' title='bbox 852 627 1254 697; x_wconf 88' lang='lat' dir='ltr'><strong>numerativis</strong></span> <span class='ocrx_word' id='word_1_12' title='bbox 1312 629 1717 702; x_wconf 85' lang='lat' dir='ltr'><strong>distributivis</strong></span> <span class='ocrx_word' id='word_1_13' title='bbox 1761 630 1861 722; x_wconf 97' lang='grc'><strong>(5.</strong></span> <span class='ocrx_word' id='word_1_14' title='bbox 1897 631 2063 720; x_wconf 80' lang='grc'><strong>362)</strong></span> <span class='ocrx_word' id='word_1_15' title='bbox 2089 682 2109 711; x_wconf 84' lang='grc'><em>,</em></span> <span class='ocrx_word' id='word_1_16' title='bbox 2178 643 2252 701; x_wconf 89' lang='lat' dir='ltr'><strong>ut</strong></span> <span class='ocrx_word' id='word_1_17' title='bbox 2290 567 2448 689; x_wconf 44' lang='lat' dir='ltr'><strong>:aa-&#39;¹1</strong></span> <span class='ocrx_word' id='word_1_18' title='bbox 2477 663 2536 704; x_wconf 81' lang='lat' dir='ltr'><strong>v,</strong></span> 
     </span>
     <span class='ocr_line' id='line_1_3' title="bbox 259 764 1285 908; baseline 0.002 -26"><span class='ocrx_word' id='word_1_19' title='bbox 259 764 461 898; x_wconf 56' lang='lat' dir='ltr'><strong>s;;;</strong></span> <span class='ocrx_word' id='word_1_20' title='bbox 498 842 680 883; x_wconf 78' lang='lat' dir='ltr'><strong>unus</strong></span> <span class='ocrx_word' id='word_1_21' title='bbox 720 841 944 895; x_wconf 76' lang='lat' dir='ltr'><strong>unus,</strong></span> <span class='ocrx_word' id='word_1_22' title='bbox 989 820 1285 908; x_wconf 75' lang='lat' dir='ltr'><strong>singuli.</strong></span> 
     </span>
    </p>
   </div>
   <div class='ocr_carea' id='block_1_3' title="bbox 420 1017 2660 1105">
    <p class='ocr_par' dir='ltr' id='par_1_3' title="bbox 420 1017 2660 1105">
     <span class='ocr_line' id='line_1_4' title="bbox 420 1017 2660 1105; baseline -0 -18"><span class='ocrx_word' id='word_1_23' title='bbox 420 1021 874 1088; x_wconf 89' lang='lat' dir='ltr'><strong>Diminutivum</strong></span> <span class='ocrx_word' id='word_1_24' title='bbox 915 1042 993 1085; x_wconf 85' lang='lat' dir='ltr'><strong>ex</strong></span> <span class='ocrx_word' id='word_1_25' title='bbox 1034 1019 1132 1085; x_wconf 81' lang='lat' dir='ltr'><strong>his</strong></span> <span class='ocrx_word' id='word_1_26' title='bbox 1176 1018 1464 1084; x_wconf 89' lang='lat' dir='ltr'><strong>omnibus</strong></span> <span class='ocrx_word' id='word_1_27' title='bbox 1510 1017 1933 1105; x_wconf 80' lang='lat' dir='ltr'>singularibus</span> <span class='ocrx_word' id='word_1_28' title='bbox 1962 1017 2236 1088; x_wconf 88' lang='lat' dir='ltr'><strong>duorum</strong></span> <span class='ocrx_word' id='word_1_29' title='bbox 2269 1046 2534 1092; x_wconf 87' lang='lat' dir='ltr'><strong>casuum</strong></span> <span class='ocrx_word' id='word_1_30' title='bbox 2551 1037 2660 1087; x_wconf 76' lang='lat'><strong>343</strong></span> 
     </span>
    </p>
   </div>
   <div class='ocr_carea' id='block_1_4' title="bbox 260 1132 2622 1401">
    <p class='ocr_par' dir='ltr' id='par_1_4' title="bbox 260 1132 2622 1401">
     <span class='ocr_line' id='line_1_5' title="bbox 260 1132 2622 1225; baseline 0.001 -24"><span class='ocrx_word' id='word_1_31' title='bbox 260 1138 499 1204; x_wconf 85' lang='lat' dir='ltr'><strong>factum</strong></span> <span class='ocrx_word' id='word_1_32' title='bbox 513 1146 580 1203; x_wconf 89' lang='lat' dir='ltr'><strong>et</strong></span> <span class='ocrx_word' id='word_1_33' title='bbox 591 1136 795 1225; x_wconf 87' lang='lat' dir='ltr'><strong>ipsum</strong></span> <span class='ocrx_word' id='word_1_34' title='bbox 813 1133 1085 1200; x_wconf 89' lang='lat' dir='ltr'><strong>duorum</strong></span> <span class='ocrx_word' id='word_1_35' title='bbox 1103 1155 1366 1200; x_wconf 88' lang='lat' dir='ltr'><strong>casuum</strong></span> <span class='ocrx_word' id='word_1_36' title='bbox 1381 1142 1614 1199; x_wconf 89' lang='lat' dir='ltr'><strong>manet.</strong></span> <span class='ocrx_word' id='word_1_37' title='bbox 1643 1132 1894 1199; x_wconf 83' lang='lat' dir='ltr'><strong>Tamen</strong></span> <span class='ocrx_word' id='word_1_38' title='bbox 1909 1132 2272 1203; x_wconf 85' lang='lat' dir='ltr'><strong>diminutiva</strong></span> <span class='ocrx_word' id='word_1_39' title='bbox 2290 1138 2536 1204; x_wconf 87' lang='lat' dir='ltr'><strong>formae</strong></span> <span class='ocrx_word' id='word_1_40' title='bbox 2610 1182 2622 1189; x_wconf 88' lang='lat'>-</span> 
     </span>
     <span class='ocr_line' id='line_1_6' title="bbox 261 1260 2117 1301; baseline 0.005 -10"><span class='ocrx_word' id='word_1_41' title='bbox 261 1262 290 1291; x_wconf 68' lang='lat'><strong><em>³</em></strong></span> <span class='ocrx_word' id='word_1_42' title='bbox 332 1260 403 1291; x_wconf 63' lang='lat' dir='ltr'><strong>a,</strong></span> <span class='ocrx_word' id='word_1_43' title='bbox 1164 1286 1170 1293; x_wconf 89' lang='lat'><em>.</em></span> <span class='ocrx_word' id='word_1_44' title='bbox 2112 1292 2117 1301; x_wconf 84' lang='grc'><strong>.</strong></span> 
     </span>
     <span class='ocr_line' id='line_1_7' title="bbox 260 1306 2535 1401; baseline 0 -18"><span class='ocrx_word' id='word_1_45' title='bbox 260 1306 394 1383; x_wconf 60' lang='grc' dir='ltr'><strong>ὖῑύ</strong></span> <span class='ocrx_word' id='word_1_46' title='bbox 465 1315 892 1384; x_wconf 80' lang='lat' dir='ltr'><strong>numeralibus</strong></span> <span class='ocrx_word' id='word_1_47' title='bbox 961 1312 1366 1381; x_wconf 86' lang='lat' dir='ltr'><strong>distributivis</strong></span> <span class='ocrx_word' id='word_1_48' title='bbox 1433 1312 1735 1401; x_wconf 85' lang='lat' dir='ltr'><strong>propriae</strong></span> <span class='ocrx_word' id='word_1_49' title='bbox 1808 1334 1956 1378; x_wconf 86' lang='lat' dir='ltr'><strong>cum</strong></span> <span class='ocrx_word' id='word_1_50' title='bbox 2036 1317 2535 1385; x_wconf 89' lang='lat' dir='ltr'><strong>contractionem</strong></span> 
     </span>
    </p>
   </div>
   <div class='ocr_carea' id='block_1_5' title="bbox 261 1431 2018 1584">
    <p class='ocr_par' dir='ltr' id='par_1_5' title="bbox 261 1431 1981 1571">
     <span class='ocr_line' id='line_1_8' title="bbox 1516 1431 1981 1476; baseline 0 -2"><span class='ocrx_word' id='word_1_51' title='bbox 1516 1438 1634 1475; x_wconf 67' lang='lat' dir='ltr'><strong>§.a</strong></span> <span class='ocrx_word' id='word_1_52' title='bbox 1653 1432 1684 1474; x_wconf 70' lang='grc' dir='ltr'><em>ἕ</em></span> <span class='ocrx_word' id='word_1_53' title='bbox 1838 1445 1867 1475; x_wconf 74' lang='grc'><strong><em>&gt;</em></strong></span> <span class='ocrx_word' id='word_1_54' title='bbox 1951 1431 1981 1476; x_wconf 71' lang='grc' dir='ltr'><em>ἕ</em></span> 
     </span>
     <span class='ocr_line' id='line_1_9' title="bbox 261 1486 2018 1584; baseline -0.005 -14"><span class='ocrx_word' id='word_1_55' title='bbox 261 1506 566 1584; x_wconf 82' lang='lat' dir='ltr'><strong>subeant,</strong></span> <span class='ocrx_word' id='word_1_56' title='bbox 611 1504 801 1571; x_wconf 89' lang='lat' dir='ltr'><strong>trium</strong></span> <span class='ocrx_word' id='word_1_57' title='bbox 840 1512 987 1569; x_wconf 87' lang='lat' dir='ltr'><strong>sunt</strong></span> <span class='ocrx_word' id='word_1_58' title='bbox 1029 1524 1329 1583; x_wconf 84' lang='lat' dir='ltr'><strong>casuum,</strong></span> <span class='ocrx_word' id='word_1_59' title='bbox 1392 1510 1463 1568; x_wconf 88' lang='lat' dir='ltr'><strong>ut</strong></span> <span class='ocrx_word' id='word_1_60' title='bbox 1505 1489 1670 1555; x_wconf 42' lang='grc' dir='ltr'><strong>«ΝΞ</strong></span> <span class='ocrx_word' id='word_1_61' title='bbox 1715 1524 1796 1568; x_wconf 86' lang='lat' dir='ltr'><strong>ex</strong></span> <span class='ocrx_word' id='word_1_62' title='bbox 1834 1486 2018 1560; x_wconf 49' lang='grc' dir='ltr'><strong>ΑΜ.</strong></span> 
     </span>
    </p>
   </div>
   <div class='ocr_carea' id='block_1_6' title="bbox 421 1710 2755 1807">
    <p class='ocr_par' dir='ltr' id='par_1_6' title="bbox 421 1710 2755 1807">
     <span class='ocr_line' id='line_1_10' title="bbox 421 1710 2755 1807; baseline 0 -23"><span class='ocrx_word' id='word_1_63' title='bbox 421 1718 674 1785; x_wconf 90' lang='lat' dir='ltr'><strong>Eadem</strong></span> <span class='ocrx_word' id='word_1_64' title='bbox 717 1731 930 1787; x_wconf 89' lang='lat' dir='ltr'><strong>tamen</strong></span> <span class='ocrx_word' id='word_1_65' title='bbox 976 1721 1143 1786; x_wconf 88' lang='lat' dir='ltr'><strong>haec</strong></span> <span class='ocrx_word' id='word_1_66' title='bbox 1188 1719 1478 1798; x_wconf 87' lang='lat' dir='ltr'><strong>nomina,</strong></span> <span class='ocrx_word' id='word_1_67' title='bbox 1523 1740 1689 1807; x_wconf 85' lang='lat' dir='ltr'><strong>quae</strong></span> <span class='ocrx_word' id='word_1_68' title='bbox 1727 1716 1792 1785; x_wconf 92' lang='lat' dir='ltr'><strong>in</strong></span> <span class='ocrx_word' id='word_1_69' title='bbox 1825 1739 1927 1805; x_wconf 61' lang='grc' dir='ltr'><strong>ες.</strong></span> <span class='ocrx_word' id='word_1_70' title='bbox 1960 1710 2233 1785; x_wconf 89' lang='lat' dir='ltr'><strong>duorum</strong></span> <span class='ocrx_word' id='word_1_71' title='bbox 2266 1742 2529 1786; x_wconf 88' lang='lat' dir='ltr'><strong>casuum</strong></span> <span class='ocrx_word' id='word_1_72' title='bbox 2547 1737 2658 1786; x_wconf 80' lang='grc'><strong>344</strong></span> <span class='ocrx_word' id='word_1_73' title='bbox 2750 1752 2755 1767; x_wconf 47' lang='lat'><em>³</em></span> 
     </span>
    </p>
   </div>
   <div class='ocr_carea' id='block_1_7' title="bbox 251 1831 2599 2264">
    <p class='ocr_par' dir='ltr' id='par_1_7' title="bbox 251 1831 2599 2264">
     <span class='ocr_line' id='line_1_11' title="bbox 256 1831 2599 1917; baseline 0.001 -18"><span class='ocrx_word' id='word_1_74' title='bbox 256 1857 398 1900; x_wconf 87' lang='lat' dir='ltr'><strong>esse</strong></span> <span class='ocrx_word' id='word_1_75' title='bbox 438 1834 705 1901; x_wconf 83' lang='lat' dir='ltr'><strong>vidimus</strong></span> <span class='ocrx_word' id='word_1_76' title='bbox 724 1886 742 1916; x_wconf 83' lang='lat'>‚</span> <span class='ocrx_word' id='word_1_77' title='bbox 798 1834 852 1901; x_wconf 92' lang='lat' dir='ltr'><strong>si</strong></span> <span class='ocrx_word' id='word_1_78' title='bbox 904 1835 970 1900; x_wconf 92' lang='lat' dir='ltr'><strong>in</strong></span> <span class='ocrx_word' id='word_1_79' title='bbox 1011 1844 1157 1902; x_wconf 85' lang='lat' dir='ltr'><strong>stat.</strong></span> <span class='ocrx_word' id='word_1_80' title='bbox 1200 1846 1434 1900; x_wconf 84' lang='lat' dir='ltr'><strong>constr.</strong></span> <span class='ocrx_word' id='word_1_81' title='bbox 1479 1831 1869 1904; x_wconf 81' lang='lat' dir='ltr'><strong>collocantur</strong></span> <span class='ocrx_word' id='word_1_82' title='bbox 1919 1844 2029 1901; x_wconf 85' lang='lat' dir='ltr'><strong>aut</strong></span> <span class='ocrx_word' id='word_1_83' title='bbox 2086 1835 2139 1901; x_wconf 91' lang='lat' dir='ltr'><strong>si</strong></span> <span class='ocrx_word' id='word_1_84' title='bbox 2194 1835 2528 1902; x_wconf 84' lang='lat' dir='ltr'><strong>articulum</strong></span> <span class='ocrx_word' id='word_1_85' title='bbox 2591 1912 2599 1917; x_wconf 6' lang='lat' dir='ltr'><strong>q</strong></span> 
     </span>
     <span class='ocr_line' id='line_1_12' title="bbox 252 1946 2529 2038; baseline 0.002 -26"><span class='ocrx_word' id='word_1_86' title='bbox 252 1948 681 2037; x_wconf 85' lang='lat' dir='ltr'><strong>praepositum</strong></span> <span class='ocrx_word' id='word_1_87' title='bbox 722 1950 992 2028; x_wconf 77' lang='lat' dir='ltr'><strong>habent,</strong></span> <span class='ocrx_word' id='word_1_88' title='bbox 1031 1947 1099 2012; x_wconf 92' lang='lat' dir='ltr'><strong>id</strong></span> <span class='ocrx_word' id='word_1_89' title='bbox 1142 1946 1317 2035; x_wconf 90' lang='lat' dir='ltr'><strong>quod</strong></span> <span class='ocrx_word' id='word_1_90' title='bbox 1359 1946 1420 2011; x_wconf 88' lang='lat' dir='ltr'><strong>in</strong></span> <span class='ocrx_word' id='word_1_91' title='bbox 1464 1947 1710 2035; x_wconf 81' lang='lat' dir='ltr'><strong>primae</strong></span> <span class='ocrx_word' id='word_1_92' title='bbox 1735 1957 1998 2014; x_wconf 83' lang='lat' dir='ltr'><strong>tantum</strong></span> <span class='ocrx_word' id='word_1_93' title='bbox 2044 1948 2260 2016; x_wconf 89' lang='lat' dir='ltr'><strong>classis</strong></span> <span class='ocrx_word' id='word_1_94' title='bbox 2308 1946 2372 2038; x_wconf 91' lang='grc'><strong>5.</strong></span> <span class='ocrx_word' id='word_1_95' title='bbox 2398 1949 2529 2017; x_wconf 86' lang='grc'><strong>339</strong></span> 
     </span>
     <span class='ocr_line' id='line_1_13' title="bbox 254 2060 2529 2150; baseline 0.001 -25"><span class='ocrx_word' id='word_1_96' title='bbox 254 2062 605 2129; x_wconf 88' lang='lat' dir='ltr'><strong>nominibus</strong></span> <span class='ocrx_word' id='word_1_97' title='bbox 650 2086 688 2129; x_wconf 92' lang='lat' dir='ltr'><strong>e</strong></span> <span class='ocrx_word' id='word_1_98' title='bbox 727 2085 909 2128; x_wconf 89' lang='lat' dir='ltr'><strong>more</strong></span> <span class='ocrx_word' id='word_1_99' title='bbox 951 2062 1252 2129; x_wconf 89' lang='lat' dir='ltr'><strong>continuo</strong></span> <span class='ocrx_word' id='word_1_100' title='bbox 1292 2060 1434 2126; x_wconf 86' lang='lat' dir='ltr'><strong>fieri</strong></span> <span class='ocrx_word' id='word_1_101' title='bbox 1474 2083 1667 2148; x_wconf 89' lang='lat' dir='ltr'><strong>posse</strong></span> <span class='ocrx_word' id='word_1_102' title='bbox 1709 2071 1887 2149; x_wconf 87' lang='lat' dir='ltr'><strong>patet</strong></span> <span class='ocrx_word' id='word_1_103' title='bbox 1910 2111 1928 2140; x_wconf 87' lang='lat'>‚</span> <span class='ocrx_word' id='word_1_104' title='bbox 1996 2083 2250 2150; x_wconf 86' lang='lat' dir='ltr'><strong>semper</strong></span> <span class='ocrx_word' id='word_1_105' title='bbox 2290 2065 2354 2128; x_wconf 91' lang='lat' dir='ltr'><strong>in</strong></span> <span class='ocrx_word' id='word_1_106' title='bbox 2398 2065 2529 2129; x_wconf 83' lang='lat' dir='ltr'><strong>for-</strong></span> 
     </span>
     <span class='ocr_line' id='line_1_14' title="bbox 251 2173 2528 2264; baseline 0.001 -24"><span class='ocrx_word' id='word_1_107' title='bbox 251 2177 527 2243; x_wconf 88' lang='lat' dir='ltr'><strong>matione</strong></span> <span class='ocrx_word' id='word_1_108' title='bbox 579 2190 645 2244; x_wconf 88' lang='lat' dir='ltr'><strong>et</strong></span> <span class='ocrx_word' id='word_1_109' title='bbox 700 2175 1013 2264; x_wconf 87' lang='lat' dir='ltr'><strong>positione</strong></span> <span class='ocrx_word' id='word_1_110' title='bbox 1057 2178 1218 2241; x_wconf 74' lang='lat' dir='ltr'><strong>nova</strong></span> <span class='ocrx_word' id='word_1_111' title='bbox 1261 2174 1584 2240; x_wconf 87' lang='lat' dir='ltr'><strong>nominum</strong></span> <span class='ocrx_word' id='word_1_112' title='bbox 1640 2173 1832 2241; x_wconf 90' lang='lat' dir='ltr'><strong>trium</strong></span> <span class='ocrx_word' id='word_1_113' title='bbox 1876 2196 2141 2240; x_wconf 89' lang='lat' dir='ltr'><strong>casuum</strong></span> <span class='ocrx_word' id='word_1_114' title='bbox 2181 2174 2528 2244; x_wconf 86' lang='lat' dir='ltr'><strong>similitudi-</strong></span> 
     </span>
    </p>
   </div>
   <div class='ocr_carea' id='block_1_8' title="bbox 252 2284 2525 2451">
    <p class='ocr_par' dir='ltr' id='par_1_8' title="bbox 252 2284 2525 2451">
     <span class='ocr_line' id='line_1_15' title="bbox 252 2284 2525 2376; baseline 0.003 -25"><span class='ocrx_word' id='word_1_115' title='bbox 252 2310 397 2353; x_wconf 90' lang='lat' dir='ltr'><strong>nem</strong></span> <span class='ocrx_word' id='word_1_116' title='bbox 437 2289 527 2354; x_wconf 89' lang='lat' dir='ltr'><strong>ita</strong></span> <span class='ocrx_word' id='word_1_117' title='bbox 568 2299 952 2375; x_wconf 83' lang='lat' dir='ltr'><strong>sequuntur,</strong></span> <span class='ocrx_word' id='word_1_118' title='bbox 998 2298 1068 2354; x_wconf 89' lang='lat' dir='ltr'><strong>ut</strong></span> <span class='ocrx_word' id='word_1_119' title='bbox 1109 2311 1244 2353; x_wconf 88' lang='lat' dir='ltr'><strong>acc.</strong></span> <span class='ocrx_word' id='word_1_120' title='bbox 1287 2284 1487 2357; x_wconf 87' lang='lat' dir='ltr'><strong>vocali</strong></span> <span class='ocrx_word' id='word_1_121' title='bbox 1529 2311 1612 2365; x_wconf 84' lang='lat' dir='ltr'><strong>a,</strong></span> <span class='ocrx_word' id='word_1_122' title='bbox 1657 2308 1806 2374; x_wconf 86' lang='lat' dir='ltr'><strong>gen.</strong></span> <span class='ocrx_word' id='word_1_123' title='bbox 1831 2309 1986 2363; x_wconf 42' lang='lat' dir='ltr'><strong>foc.</strong></span> <span class='ocrx_word' id='word_1_124' title='bbox 2031 2287 2060 2350; x_wconf 80' lang='lat' dir='ltr'><strong>i</strong></span> <span class='ocrx_word' id='word_1_125' title='bbox 2102 2287 2525 2376; x_wconf 81' lang='lat' dir='ltr'><strong>distinguant3</strong></span> 
     </span>
     <span class='ocr_line' id='line_1_16' title="bbox 407 2403 1524 2451; baseline 0.004 -4"><span class='ocrx_word' id='word_1_126' title='bbox 407 2416 464 2447; x_wconf 65' lang='grc' dir='ltr'><strong>,υ</strong></span> <span class='ocrx_word' id='word_1_127' title='bbox 489 2403 600 2447; x_wconf 54' lang='lat' dir='ltr'><strong>§ono</strong></span> <span class='ocrx_word' id='word_1_128' title='bbox 1294 2417 1325 2450; x_wconf 80' lang='lat' dir='ltr'><strong>o</strong></span> <span class='ocrx_word' id='word_1_129' title='bbox 1367 2418 1393 2448; x_wconf 73' lang='lat'><em>³</em></span> <span class='ocrx_word' id='word_1_130' title='bbox 1459 2419 1524 2451; x_wconf 73' lang='lat'><strong>-2</strong></span> 
     </span>
    </p>
   </div>
   <div class='ocr_carea' id='block_1_9' title="bbox 249 2464 2526 2697">
    <p class='ocr_par' dir='ltr' id='par_1_9' title="bbox 249 2464 2526 2697">
     <span class='ocr_line' id='line_1_17' title="bbox 251 2464 2526 2576; baseline 0 -35"><span class='ocrx_word' id='word_1_131' title='bbox 251 2488 325 2543; x_wconf 91' lang='lat' dir='ltr'><strong>ut</strong></span> <span class='ocrx_word' id='word_1_132' title='bbox 360 2464 619 2556; x_wconf 46' lang='grc' dir='ltr'><strong>ΕΜΔ</strong></span> <span class='ocrx_word' id='word_1_133' title='bbox 693 2496 827 2562; x_wconf 83' lang='lat' dir='ltr'><strong>per</strong></span> <span class='ocrx_word' id='word_1_134' title='bbox 885 2473 1206 2555; x_wconf 70' lang='lat' dir='ltr'><strong>rubrum,</strong></span> <span class='ocrx_word' id='word_1_135' title='bbox 1269 2475 1556 2576; x_wconf 48' lang='lat' dir='ltr'><strong>ffigss?</strong></span> <span class='ocrx_word' id='word_1_136' title='bbox 1626 2476 1753 2562; x_wconf 80' lang='lat' dir='ltr'><strong>per</strong></span> <span class='ocrx_word' id='word_1_137' title='bbox 1797 2472 2143 2539; x_wconf 77' lang='lat' dir='ltr'><strong>Omaram</strong></span> <span class='ocrx_word' id='word_1_138' title='bbox 2195 2487 2526 2546; x_wconf 76' lang='lat' dir='ltr'><strong>vestrum.</strong></span> 
     </span>
     <span class='ocr_line' id='line_1_18' title="bbox 249 2588 2525 2697; baseline 0.001 -24"><span class='ocrx_word' id='word_1_139' title='bbox 249 2610 352 2675; x_wconf 84' lang='lat' dir='ltr'><strong>Ita</strong></span> <span class='ocrx_word' id='word_1_140' title='bbox 415 2607 541 2672; x_wconf 88' lang='lat' dir='ltr'><strong>hac</strong></span> <span class='ocrx_word' id='word_1_141' title='bbox 601 2605 858 2697; x_wconf 91' lang='lat' dir='ltr'><strong>quidem</strong></span> <span class='ocrx_word' id='word_1_142' title='bbox 922 2607 1262 2673; x_wconf 84' lang='lat' dir='ltr'><strong>occasione</strong></span> <span class='ocrx_word' id='word_1_143' title='bbox 1317 2630 1446 2673; x_wconf 88' lang='lat' dir='ltr'><strong>una</strong></span> <span class='ocrx_word' id='word_1_144' title='bbox 1505 2617 1750 2673; x_wconf 85' lang='lat' dir='ltr'><strong>tantum</strong></span> <span class='ocrx_word' id='word_1_145' title='bbox 1793 2607 2071 2672; x_wconf 89' lang='lat' dir='ltr'><strong>omnium</strong></span> <span class='ocrx_word' id='word_1_146' title='bbox 2113 2588 2525 2695; x_wconf 76' lang='lat' dir='ltr'><strong>singularium</strong></span> 
     </span>
    </p>
   </div>
   <div class='ocr_carea' id='block_1_10' title="bbox 236 2733 2553 2949">
    <p class='ocr_par' dir='ltr' id='par_1_10' title="bbox 236 2733 2525 2942">
     <span class='ocr_line' id='line_1_19' title="bbox 252 2733 2525 2831; baseline 0.002 -27"><span class='ocrx_word' id='word_1_147' title='bbox 252 2740 574 2827; x_wconf 85' lang='lat' dir='ltr'><strong>(exceptis</strong></span> <span class='ocrx_word' id='word_1_148' title='bbox 621 2739 768 2805; x_wconf 80' lang='lat' dir='ltr'><strong>sem.</strong></span> <span class='ocrx_word' id='word_1_149' title='bbox 812 2750 956 2811; x_wconf 65' lang='lat' dir='ltr'><strong>cf—</strong></span> <span class='ocrx_word' id='word_1_150' title='bbox 992 2733 1056 2828; x_wconf 90' lang='grc'><strong>5.</strong></span> <span class='ocrx_word' id='word_1_151' title='bbox 1098 2737 1265 2826; x_wconf 81' lang='lat'>285)</span> <span class='ocrx_word' id='word_1_152' title='bbox 1331 2739 1407 2804; x_wconf 87' lang='lat' dir='ltr'><strong>fit</strong></span> <span class='ocrx_word' id='word_1_153' title='bbox 1461 2737 1797 2830; x_wconf 86' lang='lat' dir='ltr'><strong>declinatio</strong></span> <span class='ocrx_word' id='word_1_154' title='bbox 1852 2739 2229 2828; x_wconf 84' lang='lat' dir='ltr'><strong>perfectior3</strong></span> <span class='ocrx_word' id='word_1_155' title='bbox 2292 2766 2525 2831; x_wconf 89' lang='lat' dir='ltr'><strong>nempe</strong></span> 
     </span>
     <span class='ocr_line' id='line_1_20' title="bbox 236 2826 2553 2949; baseline 0.003 -31"><span class='ocrx_word' id='word_1_156' title='bbox 236 2853 374 2949; x_wconf 87' lang='lat' dir='ltr'><strong>jam</strong></span> <span class='ocrx_word' id='word_1_157' title='bbox 417 2865 662 2933; x_wconf 83' lang='lat' dir='ltr'><strong>eessat,</strong></span> <span class='ocrx_word' id='word_1_158' title='bbox 720 2876 886 2940; x_wconf 88' lang='lat' dir='ltr'><strong>quae</strong></span> <span class='ocrx_word' id='word_1_159' title='bbox 950 2854 1207 2920; x_wconf 88' lang='lat' dir='ltr'><strong>nomina</strong></span> <span class='ocrx_word' id='word_1_160' title='bbox 1261 2852 1543 2920; x_wconf 87' lang='lat' dir='ltr'><strong>solitaria</strong></span> <span class='ocrx_word' id='word_1_161' title='bbox 1587 2826 1871 2934; x_wconf 84' lang='lat' dir='ltr'><strong>diremit,</strong></span> <span class='ocrx_word' id='word_1_162' title='bbox 1941 2855 2296 2922; x_wconf 87' lang='lat' dir='ltr'><strong>nunationis</strong></span> <span class='ocrx_word' id='word_1_163' title='bbox 2338 2860 2553 2924; x_wconf 80' lang='lat' dir='ltr'><strong>ratio.</strong></span> 
     </span>
    </p>
   </div>
   <div class='ocr_carea' id='block_1_11' title="bbox 245 2965 2522 3148">
    <p class='ocr_par' dir='ltr' id='par_1_11' title="bbox 245 2965 2522 3148">
     <span class='ocr_line' id='line_1_21' title="bbox 248 2965 2522 3056; baseline 0.003 -25"><span class='ocrx_word' id='word_1_164' title='bbox 248 2969 456 3055; x_wconf 89' lang='lat' dir='ltr'><strong>Atque</strong></span> <span class='ocrx_word' id='word_1_165' title='bbox 523 2966 779 3033; x_wconf 89' lang='lat' dir='ltr'><strong>omnino</strong></span> <span class='ocrx_word' id='word_1_166' title='bbox 849 2965 1122 3034; x_wconf 89' lang='lat' dir='ltr'><strong>duorum</strong></span> <span class='ocrx_word' id='word_1_167' title='bbox 1175 2968 1242 3032; x_wconf 92' lang='lat' dir='ltr'><strong>in</strong></span> <span class='ocrx_word' id='word_1_168' title='bbox 1300 2989 1404 3054; x_wconf 83' lang='lat' dir='ltr'><strong>sg.</strong></span> <span class='ocrx_word' id='word_1_169' title='bbox 1461 2989 1727 3033; x_wconf 84' lang='lat' dir='ltr'><strong>casuum</strong></span> <span class='ocrx_word' id='word_1_170' title='bbox 1778 2965 2265 3036; x_wconf 87' lang='lat' dir='ltr'><strong>declinationem</strong></span> <span class='ocrx_word' id='word_1_171' title='bbox 2301 2969 2522 3056; x_wconf 81' lang='lat' dir='ltr'><strong>lingua</strong></span> 
     </span>
     <span class='ocr_line' id='line_1_22' title="bbox 245 3078 877 3148; baseline 0.005 -4"><span class='ocrx_word' id='word_1_172' title='bbox 245 3079 419 3146; x_wconf 81' lang='lat' dir='ltr'><strong>haud</strong></span> <span class='ocrx_word' id='word_1_173' title='bbox 460 3078 641 3147; x_wconf 81' lang='lat' dir='ltr'><strong>valde</strong></span> <span class='ocrx_word' id='word_1_174' title='bbox 690 3093 877 3148; x_wconf 87' lang='lat' dir='ltr'><strong>amat.</strong></span> 
     </span>
    </p>
   </div>
   <div class='ocr_carea' id='block_1_12' title="bbox 409 3259 2641 3370">
    <p class='ocr_par' dir='ltr' id='par_1_12' title="bbox 409 3259 2641 3370">
     <span class='ocr_line' id='line_1_23' title="bbox 409 3259 2641 3370; baseline 0.003 -28"><span class='ocrx_word' id='word_1_175' title='bbox 409 3277 823 3366; x_wconf 82' lang='lat' dir='ltr'><strong>Possuntque</strong></span> <span class='ocrx_word' id='word_1_176' title='bbox 886 3278 983 3344; x_wconf 84' lang='lat' dir='ltr'><strong>vel</strong></span> <span class='ocrx_word' id='word_1_177' title='bbox 1038 3278 1292 3345; x_wconf 89' lang='lat' dir='ltr'><strong>nomina</strong></span> <span class='ocrx_word' id='word_1_178' title='bbox 1339 3259 1605 3367; x_wconf 47' lang='lat' dir='ltr'><strong>&#39;propria</strong></span> <span class='ocrx_word' id='word_1_179' title='bbox 1659 3264 2066 3345; x_wconf 83' lang='lat' dir='ltr'><strong>nunationem</strong></span> <span class='ocrx_word' id='word_1_180' title='bbox 2126 3300 2334 3368; x_wconf 90' lang='lat' dir='ltr'><strong>eoque</strong></span> <span class='ocrx_word' id='word_1_181' title='bbox 2374 3283 2515 3370; x_wconf 89' lang='lat' dir='ltr'><strong>ipso</strong></span> <span class='ocrx_word' id='word_1_182' title='bbox 2533 3307 2641 3357; x_wconf 75' lang='lat'><strong>345</strong></span> 
     </span>
    </p>
   </div>
   <div class='ocr_carea' id='block_1_13' title="bbox 238 3390 2514 3714">
    <p class='ocr_par' dir='ltr' id='par_1_13' title="bbox 238 3390 2514 3714">
     <span class='ocr_line' id='line_1_24' title="bbox 242 3390 2514 3491; baseline 0.003 -36"><span class='ocrx_word' id='word_1_183' title='bbox 242 3390 698 3478; x_wconf 71' lang='lat' dir='ltr'><strong>perfectiorem</strong></span> <span class='ocrx_word' id='word_1_184' title='bbox 754 3391 1241 3460; x_wconf 83' lang='lat' dir='ltr'><strong>declinationem</strong></span> <span class='ocrx_word' id='word_1_185' title='bbox 1284 3392 1628 3491; x_wconf 81' lang='lat' dir='ltr'><strong>adoptare,</strong></span> <span class='ocrx_word' id='word_1_186' title='bbox 1691 3393 1744 3458; x_wconf 91' lang='lat' dir='ltr'><strong>si</strong></span> <span class='ocrx_word' id='word_1_187' title='bbox 1786 3402 2010 3459; x_wconf 83' lang='lat' dir='ltr'><strong>contra</strong></span> <span class='ocrx_word' id='word_1_188' title='bbox 2051 3413 2293 3461; x_wconf 88' lang='lat' dir='ltr'><strong>morem</strong></span> <span class='ocrx_word' id='word_1_189' title='bbox 2335 3395 2514 3462; x_wconf 90' lang='lat' dir='ltr'><strong>inde-</strong></span> 
     </span>
     <span class='ocr_line' id='line_1_25' title="bbox 1022 3510 1544 3556; baseline 0.004 -2"><span class='ocrx_word' id='word_1_190' title='bbox 1022 3510 1166 3554; x_wconf 60' lang='grc' dir='ltr'><strong>ηοξ.</strong></span> <span class='ocrx_word' id='word_1_191' title='bbox 1322 3535 1348 3551; x_wconf 80' lang='lat'><strong>.·</strong></span> <span class='ocrx_word' id='word_1_192' title='bbox 1365 3520 1398 3552; x_wconf 79' lang='grc' dir='ltr'><strong>υ</strong></span> <span class='ocrx_word' id='word_1_193' title='bbox 1464 3520 1497 3554; x_wconf 69' lang='grc' dir='ltr'><strong>ε.</strong></span> <span class='ocrx_word' id='word_1_194' title='bbox 1515 3524 1544 3556; x_wconf 73' lang='lat'><em>2</em></span> 
     </span>
     <span class='ocr_line' id='line_1_26' title="bbox 238 3563 2514 3714; baseline 0.001 -69"><span class='ocrx_word' id='word_1_195' title='bbox 238 3580 415 3648; x_wconf 89' lang='lat' dir='ltr'><strong>finita</strong></span> <span class='ocrx_word' id='word_1_196' title='bbox 468 3592 830 3671; x_wconf 80' lang='lat' dir='ltr'><strong>ponuntur,</strong></span> <span class='ocrx_word' id='word_1_197' title='bbox 895 3590 969 3648; x_wconf 92' lang='lat' dir='ltr'><strong>ut</strong></span> <span class='ocrx_word' id='word_1_198' title='bbox 1012 3563 1155 3666; x_wconf 57' lang='lat' dir='ltr'><strong>&amp;A‘gb</strong></span> <span class='ocrx_word' id='word_1_199' title='bbox 1194 3566 1424 3714; x_wconf 42' lang='lat'><strong>&amp;22⁹2</strong></span> <span class='ocrx_word' id='word_1_200' title='bbox 1448 3602 1541 3659; x_wconf 51' lang='grc' dir='ltr'><strong>ιφ</strong></span> <span class='ocrx_word' id='word_1_201' title='bbox 1577 3598 1780 3668; x_wconf 80' lang='lat' dir='ltr'><strong>saepe</strong></span> <span class='ocrx_word' id='word_1_202' title='bbox 1822 3577 2261 3647; x_wconf 73' lang='lat' dir='ltr'><strong>lbrahimam</strong></span> <span class='ocrx_word' id='word_1_203' title='bbox 2291 3572 2514 3670; x_wconf 69' lang='lat' dir='ltr'><strong>qaen-</strong></span> 
     </span>
    </p>
   </div>
   <div class='ocr_carea' id='block_1_14' title="bbox 236 3737 2510 3947">
    <p class='ocr_par' dir='ltr' id='par_1_14' title="bbox 236 3737 2510 3947">
     <span class='ocr_line' id='line_1_27' title="bbox 237 3737 2510 3831; baseline 0.004 -29"><span class='ocrx_word' id='word_1_204' title='bbox 237 3737 405 3802; x_wconf 84' lang='lat' dir='ltr'><strong>dam</strong></span> <span class='ocrx_word' id='word_1_205' title='bbox 454 3740 609 3806; x_wconf 70' lang='lat' dir='ltr'><strong>vidi</strong></span> <span class='ocrx_word' id='word_1_206' title='bbox 651 3740 760 3828; x_wconf 86' lang='lat'><strong>1);</strong></span> <span class='ocrx_word' id='word_1_207' title='bbox 831 3765 1191 3831; x_wconf 87' lang='lat' dir='ltr'><strong>quanquam</strong></span> <span class='ocrx_word' id='word_1_208' title='bbox 1235 3765 1314 3809; x_wconf 90' lang='lat' dir='ltr'><strong>ea</strong></span> <span class='ocrx_word' id='word_1_209' title='bbox 1353 3763 1471 3830; x_wconf 86' lang='lat' dir='ltr'><strong>per</strong></span> <span class='ocrx_word' id='word_1_210' title='bbox 1513 3764 1588 3808; x_wconf 89' lang='lat' dir='ltr'><strong>se</strong></span> <span class='ocrx_word' id='word_1_211' title='bbox 1628 3740 2025 3830; x_wconf 83' lang='lat' dir='ltr'><strong>excipiuntur</strong></span> <span class='ocrx_word' id='word_1_212' title='bbox 2066 3741 2320 3808; x_wconf 89' lang='lat' dir='ltr'><strong>nomina</strong></span> <span class='ocrx_word' id='word_1_213' title='bbox 2360 3764 2510 3831; x_wconf 87' lang='lat' dir='ltr'><strong>pro-</strong></span> 
     </span>
     <span class='ocr_line' id='line_1_28' title="bbox 236 3849 2510 3947; baseline 0.002 -30"><span class='ocrx_word' id='word_1_214' title='bbox 236 3849 375 3936; x_wconf 79' lang='lat' dir='ltr'><strong>pria</strong></span> <span class='ocrx_word' id='word_1_215' title='bbox 395 3900 414 3930; x_wconf 87' lang='lat'>‚</span> <span class='ocrx_word' id='word_1_216' title='bbox 480 3876 647 3941; x_wconf 86' lang='lat' dir='ltr'><strong>quae</strong></span> <span class='ocrx_word' id='word_1_217' title='bbox 689 3855 742 3921; x_wconf 87' lang='lat' dir='ltr'><strong>si</strong></span> <span class='ocrx_word' id='word_1_218' title='bbox 786 3857 1164 3946; x_wconf 85' lang='lat' dir='ltr'><strong>appellativa</strong></span> <span class='ocrx_word' id='word_1_219' title='bbox 1205 3868 1456 3936; x_wconf 80' lang='lat' dir='ltr'><strong>essent,</strong></span> <span class='ocrx_word' id='word_1_220' title='bbox 1518 3878 1598 3922; x_wconf 85' lang='lat' dir='ltr'><strong>ex</strong></span> <span class='ocrx_word' id='word_1_221' title='bbox 1639 3854 1892 3944; x_wconf 84' lang='lat' dir='ltr'><strong>legibus</strong></span> <span class='ocrx_word' id='word_1_222' title='bbox 1934 3852 1998 3947; x_wconf 89' lang='grc'><strong>5.</strong></span> <span class='ocrx_word' id='word_1_223' title='bbox 2032 3855 2162 3922; x_wconf 86' lang='grc'><strong>339</strong></span> <span class='ocrx_word' id='word_1_224' title='bbox 2219 3858 2510 3926; x_wconf 76' lang='lat' dir='ltr'><strong>nunatio-</strong></span> 
     </span>
    </p>
   </div>
   <div class='ocr_carea' id='block_1_15' title="bbox 253 4146 2508 4495">
    <p class='ocr_par' dir='ltr' id='par_1_15' title="bbox 253 4146 2508 4495">
     <span class='ocr_line' id='line_1_29' title="bbox 253 4146 2508 4233; baseline 0.005 -37"><span class='ocrx_word' id='word_1_225' title='bbox 253 4228 259 4233; x_wconf 87' lang='lat'>.</span> <span class='ocrx_word' id='word_1_226' title='bbox 345 4147 407 4213; x_wconf 89' lang='lat'><strong>1)</strong></span> <span class='ocrx_word' id='word_1_227' title='bbox 447 4146 529 4199; x_wconf 87' lang='lat' dir='ltr'><strong>hic</strong></span> <span class='ocrx_word' id='word_1_228' title='bbox 582 4157 663 4201; x_wconf 88' lang='lat' dir='ltr'><strong>est</strong></span> <span class='ocrx_word' id='word_1_229' title='bbox 710 4166 891 4205; x_wconf 71' lang='lat' dir='ltr'><strong>sensus</strong></span> <span class='ocrx_word' id='word_1_230' title='bbox 940 4153 1215 4206; x_wconf 81' lang='lat' dir='ltr'><strong>verborum</strong></span> <span class='ocrx_word' id='word_1_231' title='bbox 1260 4155 1564 4209; x_wconf 82' lang='lat' dir='ltr'><strong>Motarrazii</strong></span> <span class='ocrx_word' id='word_1_232' title='bbox 1616 4157 1668 4209; x_wconf 87' lang='lat' dir='ltr'><strong>in</strong></span> <span class='ocrx_word' id='word_1_233' title='bbox 1719 4158 1876 4222; x_wconf 83' lang='lat' dir='ltr'><strong>Sacyi</strong></span> <span class='ocrx_word' id='word_1_234' title='bbox 1912 4153 2048 4209; x_wconf 85' lang='lat' dir='ltr'><strong>anth.</strong></span> <span class='ocrx_word' id='word_1_235' title='bbox 2082 4174 2133 4226; x_wconf 88' lang='lat' dir='ltr'><strong>p.</strong></span> <span class='ocrx_word' id='word_1_236' title='bbox 2158 4158 2228 4210; x_wconf 79' lang='lat'><strong>96</strong></span> <span class='ocrx_word' id='word_1_237' title='bbox 2247 4196 2263 4222; x_wconf 87' lang='lat'>‚</span> <span class='ocrx_word' id='word_1_238' title='bbox 2302 4160 2402 4212; x_wconf 71' lang='lat'><strong>152</strong></span> <span class='ocrx_word' id='word_1_239' title='bbox 2457 4156 2508 4209; x_wconf 73' lang='lat' dir='ltr'><strong>si</strong></span> 
     </span>
     <span class='ocr_line' id='line_1_30' title="bbox 451 4241 2504 4319; baseline 0.006 -31"><span class='ocrx_word' id='word_1_240' title='bbox 451 4258 603 4309; x_wconf 81' lang='lat' dir='ltr'><strong>quem</strong></span> <span class='ocrx_word' id='word_1_241' title='bbox 654 4254 812 4292; x_wconf 75' lang='lat' dir='ltr'><strong>vocas</strong></span> <span class='ocrx_word' id='word_1_242' title='bbox 860 4241 1092 4313; x_wconf 85' lang='lat' dir='ltr'><strong>Lug¹am</strong></span> <span class='ocrx_word' id='word_1_243' title='bbox 1130 4244 1385 4319; x_wconf 72' lang='lat' dir='ltr'><strong>(frenum)</strong></span> <span class='ocrx_word' id='word_1_244' title='bbox 1425 4247 1507 4297; x_wconf 88' lang='lat' dir='ltr'><strong>vel</strong></span> <span class='ocrx_word' id='word_1_245' title='bbox 1542 4244 1738 4295; x_wconf 76' lang='lat' dir='ltr'><strong>Firind</strong></span> <span class='ocrx_word' id='word_1_246' title='bbox 1772 4245 2001 4314; x_wconf 82' lang='lat' dir='ltr'><strong>(ensis),</strong></span> <span class='ocrx_word' id='word_1_247' title='bbox 2058 4264 2241 4302; x_wconf 90' lang='lat' dir='ltr'><strong>nomen</strong></span> <span class='ocrx_word' id='word_1_248' title='bbox 2277 4246 2504 4301; x_wconf 83' lang='lat' dir='ltr'><strong>declina-</strong></span> 
     </span>
     <span class='ocr_line' id='line_1_31' title="bbox 449 4328 2501 4409; baseline 0.007 -31"><span class='ocrx_word' id='word_1_249' title='bbox 449 4336 535 4379; x_wconf 88' lang='lat' dir='ltr'><strong>tur</strong></span> <span class='ocrx_word' id='word_1_250' title='bbox 591 4328 908 4400; x_wconf 77' lang='lat' dir='ltr'><strong>(perfecte),</strong></span> <span class='ocrx_word' id='word_1_251' title='bbox 962 4336 1081 4400; x_wconf 80' lang='lat' dir='ltr'><strong>quia</strong></span> <span class='ocrx_word' id='word_1_252' title='bbox 1134 4339 1339 4388; x_wconf 86' lang='lat' dir='ltr'><strong>nomina</strong></span> <span class='ocrx_word' id='word_1_253' title='bbox 1390 4339 1665 4405; x_wconf 77' lang='lat' dir='ltr'><strong>peregrina</strong></span> <span class='ocrx_word' id='word_1_254' title='bbox 1726 4338 2116 4392; x_wconf 76' lang='lat' dir='ltr'><strong>indeterminata</strong></span> <span class='ocrx_word' id='word_1_255' title='bbox 2178 4339 2365 4409; x_wconf 76' lang='lat' dir='ltr'><strong>exinde</strong></span> <span class='ocrx_word' id='word_1_256' title='bbox 2399 4355 2501 4392; x_wconf 85' lang='lat' dir='ltr'><strong>non</strong></span> 
     </span>
     <span class='ocr_line' id='line_1_32' title="bbox 448 4419 1525 4495; baseline 0.007 -23"><span class='ocrx_word' id='word_1_257' title='bbox 448 4419 636 4473; x_wconf 78' lang='lat' dir='ltr'><strong>habent</strong></span> <span class='ocrx_word' id='word_1_258' title='bbox 671 4423 810 4488; x_wconf 85' lang='lat' dir='ltr'><strong>quod</strong></span> <span class='ocrx_word' id='word_1_259' title='bbox 845 4423 1233 4479; x_wconf 85' lang='lat' dir='ltr'><strong>declinationem</strong></span> <span class='ocrx_word' id='word_1_260' title='bbox 1266 4428 1525 4495; x_wconf 78' lang='lat' dir='ltr'><strong>impediat.</strong></span> 
     </span>
    </p>
   </div>
  </div>
 </body>
</html>
