2984 4959
798 341 912 411 De
957 365 1222 435 genere
1264 353 1338 413 et
1378 368 1683 414 numero
1733 348 2129 423 nominum.
2438 366 2583 437 181

215 600 219 604 ,
319 522 697 590 structionis,
797 522 932 589 Sed
983 524 1051 588 in
1091 523 1466 614 universum<
1493 549 1684 593 voces
1728 527 2090 595 collectivae
2132 529 2443 615 feminini,
2503 534 2588 602 ad

319 635 493 724 quod
537 617 659 723 per
699 659 771 703 se
807 638 945 725 jam
988 660 1179 703 sensu
1221 660 1337 704 suo
1379 635 1698 727 pertinent
1716 689 1733 719 ‚
1779 643 2036 727 generis
2085 644 2586 716 terminationem

314 751 516 816 rarius
560 751 827 832 habent3
881 751 946 815 in
989 750 1294 817 nonnullis
1336 761 1550 818 tamen
1594 753 1808 819 formis
1857 777 1934 821 eo
1981 756 2370 846 frequentior
2414 764 2584 831 facta

315 875 412 930 est
470 873 535 929 et
590 861 675 927 ad
726 863 922 951 ipsius
983 865 1195 952 stirpis
1253 864 1556 931 ambitum
1614 876 1679 933 et
1741 867 1860 932 vim
1905 874 2278 940 necessaria.
2389 876 2581 943 Unde

312 1001 475 1044 nova
517 976 719 1042 oritur
765 977 1230 1074 collectivorum
1272 978 1474 1065 copia.
1572 980 1779 1067 Atque
1822 991 1886 1047 et
1929 991 2185 1049 ceterae
2229 986 2576 1057 collectivo-

310 1113 452 1156 rum
509 1080 754 1157 formae
804 1091 1109 1178 plurimae
1158 1101 1486 1157 externum
1523 1092 1809 1160 habitum
1852 1095 1944 1160 sic
1987 1110 2424 1185 comparatum
2465 1102 2578 1169 ha-

313 1204 496 1283 bent,
573 1214 644 1271 ut
699 1206 1034 1282 abstractis
1105 1205 1448 1272 simillimae
1516 1204 1884 1291 videantur3
1954 1210 2271 1300 quaedam
2331 1237 2410 1286 ex
2467 1219 2579 1283 ab·

312 1329 693 1387 stractorum
736 1341 979 1407 genere
1019 1320 1159 1407 ipso
1206 1318 1526 1388 deductae
1567 1328 1728 1387 sunt.

376 1550 383 1554 —
473 1509 768 1599 Denique
822 1520 919 1578 tot
958 1532 1126 1598 quae
1167 1512 1342 1580 nasci
1383 1521 1651 1600 possunt
1696 1510 2161 1580 collectivorum
2204 1515 2424 1586 formis
2467 1518 2579 1584 lin-
2597 1544 2706 1593 305

308 1646 443 1710 gua
481 1624 662 1690 simul
707 1624 796 1691 ita
836 1647 954 1690 usa
1010 1633 1143 1703 est,
1210 1634 1281 1690 ut
1344 1624 1879 1711 significationum
1937 1625 2301 1700 discrimina
2359 1628 2578 1699 distin-

276 1717 616 1824 guantur,
661 1737 982 1823 multaque
1023 1729 1276 1802 nomina
1305 1760 1473 1826 quae
1514 1737 1579 1803 in
1621 1738 1785 1834 sing.
1818 1736 2104 1828 ejusdem
2130 1752 2277 1809 sunt
2310 1743 2576 1824 formae,

308 1850 773 1917 collectivorum
800 1850 1067 1915 formam
1101 1836 1247 1939 pro·
1266 1850 1513 1917 diversa
1550 1852 1806 1917 notione
1845 1851 2102 1919 varient.
2185 1850 2504 1944 Imprimis
2537 1882 2575 1923 e

305 1965 604 2053 stirpibus
667 1964 1059 2051 longioribus
1117 1964 1472 2054 peculiares
1527 1963 1902 2052 prodierunt
1958 1964 2262 2038 collectivi
2284 1981 2288 1988 ’
2312 1968 2576 2049 formae,
2616 1980 2621 1983 '

306 2087 378 2146 ut
423 2101 462 2143 e
512 2077 836 2143 collective
902 2076 1109 2165 stirpis
1174 2077 1444 2144 formam
1500 2089 1567 2143 et
1624 2077 2100 2164 significationis
2143 2081 2422 2175 speciem
2465 2104 2574 2149 ex-

305 2202 450 2259 acte
515 2189 844 2277 intelligas.
971 2189 1210 2260 Multae
1273 2200 1485 2259 tamen
1569 2188 1754 2257 latius
1825 2191 1914 2262 ita
1992 2204 2411 2279 usurpantur,
2501 2206 2572 2264 ut

304 2303 389 2369 ad
434 2303 685 2369 nomina
728 2299 1044 2391 quaedam
1087 2300 1296 2367 similis
1343 2323 1564 2368 sensus
1607 2303 1936 2371 transferri
1978 2305 2237 2391 possint.
2357 2306 2596 2377 Adeo-.

301 2441 427 2507 que
506 2416 830 2488 collectiva
892 2413 1183 2480 formatio
1252 2412 1547 2504 princeps
1614 2415 1873 2503 longam
1931 2419 2213 2490 vocalem
2285 2420 2568 2490 inserens

300 2530 651 2619 praevalet,
724 2539 798 2596 ut
856 2538 920 2594 et
978 2525 1309 2595 nonnullae
1352 2549 1429 2592 ex
1492 2528 1788 2617 stirpibus
1845 2529 2270 2618 longiorffim,
2339 2536 2567 2623 quibus

303 2643 658 2733 peculiares
716 2651 862 2710 sunt
918 2640 1056 2709 coll.
1116 2641 1397 2721 formae,
1470 2639 1555 2707 ad
1597 2641 1763 2713 illam
1805 2666 1877 2709 se
1920 2644 2310 2716 contulerint.
2425 2646 2570 2720 Qua

301 2755 559 2845 quidem
624 2756 688 2821 in
746 2754 1035 2826 libertate
1094 2754 1289 2821 multa
1347 2777 1427 2826 ex
1481 2778 1604 2823 usu
1657 2756 1980 2843 pendent,
2047 2779 2339 2845 quaeque
2398 2759 2569 2825 vocis

299 2869 629 2962 cujusdam
690 2868 990 2937 collectivi
1048 2870 1252 2937 forma
1316 2870 1546 2945 usitata
1612 2868 1727 2949 sit,
1797 2892 1875 2934 ex
1917 2870 2050 2945 viva
2095 2869 2278 2966 simul
2322 2870 2568 2939 discen-

299 2983 453 3054 dum
495 2993 594 3050 est
630 2983 849 3070 lingua
891 2993 1389 3070 annotatumque
1429 2982 1493 3046 in
1535 2981 1750 3049 lexicis
1798 2983 2154 3072 reperitur3
2194 3006 2316 3049 nec
2356 2995 2568 3057 tamen

296 3095 504 3164 omnia
549 3096 814 3166 confusa
855 3106 921 3163 et
962 3097 1028 3161 in
1069 3096 1385 3169 licentiam
1424 3103 1606 3166 versa
1656 3095 1781 3161 dici
1820 3108 2102 3185 possunt.
2190 3098 2358 3169 Nam
2402 3123 2576 3187 quaes

296 3212 378 3280 sit
438 3210 803 3282 collectivae
860 3207 1189 3298 cujusdam
1232 3209 1475 3273 formae
1514 3208 1714 3295 urigo
1744 3222 1810 3285 et
1852 3210 1939 3278 vis
1976 3210 2302 3299 potissima
2325 3262 2343 3292 ‚
2404 3215 2567 3286 bene

300 3323 439 3391 erui
477 3334 727 3412 potest;
782 3323 1134 3411 limitesque
1174 3344 1453 3396 summos
1506 3343 1714 3409 neque
1755 3345 1908 3390 usus
1952 3326 2440 3413 transgreditur

465 3515 518 3585 I.
573 3513 951 3581 collectiva
998 3512 1328 3578 trilitera.
1413 3515 1666 3580 Horum
1714 3516 1899 3608 copia
1940 3516 2201 3605 insignis
2244 3490 2563 3591 radicibus
2580 3552 2688 3600 306

298 3640 541 3703 tantum
611 3637 676 3697 et
731 3623 1030 3718 stirpibus
1076 3624 1332 3692 trlhtei
1314 3648 1366 3691 1s
1441 3640 1591 3716 apta
1663 3640 1799 3708 cst,
1875 3640 1947 3699 ut
2007 3641 2118 3701 aut
2160 3655 2237 3697 ex
2284 3632 2564 3719 simplice

296 3808 491 3894 stirpe
547 3801 897 3893 prodeant,
970 3811 1041 3867 ut
1093 3823 1171 3867 ex
1234 3794 1348 3874 Δ»
1371 3847 1393 3881 ,
1451 3804 1725 3876 similiter
1783 3829 1862 3876 ex
1926 3798 2042 3910 3⁶25
2096 3819 2250 3890 etc„
2327 3820 2437 3882 aut
2479 3833 2560 3877 ex

298 4010 492 4103 stirpe
532 4013 658 4076 una
702 4009 899 4078 vocali
939 4009 1135 4099 longa
1177 4012 1396 4092 aucta,
1465 4021 1542 4078 ut
1582 4035 1661 4082 ex
1708 3969 1844 4080 δῶ
1868 4057 1886 4088 ,
1945 3971 2112 4115 Δξὶξ,
2168 4025 2278 4082 aut
2323 4038 2400 4081 ex
2446 3994 2578 4082 ad}

285 4141 522 4232 jectivo
563 4142 866 4210 intensivo
910 4128 1192 4210 vocalem
1232 4166 1280 4207 a
1326 4143 1752 4233 praepositam
1797 4156 2051 4213 tenente
2091 4144 2194 4238 (§.
2218 4148 2344 4214 251
2388 4148 2559 4235 sq.);

296 4257 421 4325 hae
483 4255 646 4323 enim
706 4279 872 4346 quae
934 4267 1343 4323 accesserunt
1402 4258 1652 4325 vocales
1720 4260 1785 4324 in
1844 4260 2145 4327 collectivi
2188 4260 2560 4327 formatione

296 4369 470 4459 rejici
529 4380 813 4457 possunt.
933 4370 1373 4435 Consonantes
1435 4369 1532 4455 vel
1598 4370 1766 4436 duae
1828 4371 2075 4439 vocales
2117 4365 2348 4459 longae
2388 4374 2561 4463 rejici
