2984 4959
237 1996 310 2048 47

241 3316 312 3366 48

359 347 458 418 28
504 441 509 444 .
1119 333 1236 404 De
1286 312 1860 411 consonantibus.

525 517 630 584 Ex
668 517 766 590 his
811 538 977 606 quae
1016 515 1198 585 litera
1241 517 1513 588 maxime
1553 517 1889 606 singularis
1934 528 2066 599 est,
2111 530 2126 597 Ι
2163 516 2471 607 triplicem
2505 519 2624 585 ha-

359 631 472 697 bet
524 650 738 696 usum:
815 630 891 714 1)
937 632 1018 697 ab
1078 630 1251 697 initio
1308 630 1564 718 ponitur
1619 630 1898 720 syllabae
1953 630 2213 719 (vocem
2268 634 2620 701 inchoantis

357 742 766 830 plerumque)
827 743 1026 810 vocali
1086 742 1471 831 incipientiS,
1537 743 1793 832 spiritus
1859 745 2261 812 Graecorum
2313 745 2469 813 lenis
2526 748 2621 812 in-

669 849 677 859 ’
706 859 840 905 33οὲ
929 862 1061 907 sao}
1149 861 1235 906 3³3

356 940 522 1010 star,
580 941 653 997 ut
692 920 860 1007 313⁸,
896 919 1045 1003 ,5ὶῖθῖ
1085 938 1107 1007 3
1144 917 1231 1004 34!
1253 972 1274 1006 ,
1339 915 1448 996 ubi
1491 928 1729 1019 syllaba
1770 928 2063 1019 simplex;
2129 931 2210 1020 2)
2255 956 2479 1000 sonum
2519 956 2621 1000 ra-

357 1042 624 1109 dicalem
671 1043 905 1133 explet,
962 1054 1034 1112 ut
1077 1069 1156 1138 ex
1196 1043 1485 1111 radicum
1529 1043 1918 1110 formationis
1957 1044 2105 1132 lege
2148 1057 2478 1114 constante
2520 1069 2622 1113 so-

354 1177 475 1221 nus
512 1156 617 1222 hic
659 1160 1062 1226 consonantis
1104 1159 1305 1226 instar
1348 1157 1505 1224 alius
1549 1156 1855 1222 vocalium
1898 1157 2307 1225 variationem
2347 1170 2622 1228 ceteras-

353 1293 481 1358 que
521 1269 978 1337 vicissitudines
1023 1294 1060 1336 e
1099 1270 1315 1337 formis
1358 1268 1712 1358 pendentes
1755 1270 2065 1357 patiatur3
2111 1282 2305 1360 atque
2332 1270 2495 1338 haec
2526 1283 2624 1339 est

352 1384 491 1451 sola
530 1384 728 1465 ratic,
773 1406 901 1472 qua
944 1406 1137 1450 sonus
1179 1384 1381 1450 vocali
1422 1405 1661 1450 vacuus
1702 1393 1852 1471 post
1892 1383 2177 1450 vocalem
2216 1386 2623 1473 pronunciari

353 1584 429 1640 et
463 1572 776 1660 geminari
814 1582 1065 1660 potest,
1121 1581 1197 1638 ut
1259 1500 1412 1647 ὁὶ,
1473 1503 1630 1643 Sim,
1689 1498 1957 1635 «liz—-
1869 1576 1954 1586 ‘-
2012 1563 2164 1649 ἆυ,
2244 1510 2397 1651 ΞΕ,
2464 1531 2620 1646 jz.

350 1684 493 1773 3)
476 1710 540 1751 m
594 1687 722 1752 fine
783 1684 953 1752 vocis
1010 1695 1157 1775 post
1212 1684 1494 1751 vocalem
1556 1683 1817 1771 longam
1857 1707 1902 1749 u
1946 1683 2008 1749 in
2041 1684 2341 1775 spiritum
2383 1711 2619 1754 exeun-

744 1792 773 1821 ,
790 1808 810 1818 ,
826 1805 851 1816 -

350 1855 516 1926 tem,
563 1833 872 1926 ut121133
929 1846 1009 1912 cf.
1052 1842 1116 1936 ς.
1159 1844 1264 1912 83.

535 1986 690 2052 Soni
755 1985 818 2051 hi
875 1987 1163 2074 spiritum
1215 1994 1463 2054 tantum
1506 2007 1544 2049 e
1585 1994 1852 2072 gutture
1903 1984 2354 2074 protrudentes
2397 1988 2623 2055 natura

350 2101 466 2167 sua
507 2099 832 2166 vocalibus
875 2112 1022 2168 sunt
1061 2101 1364 2190 proximi,
1409 2098 1704 2186 nullaque
1745 2098 1913 2164 inter
1956 2098 2072 2165 has
2116 2100 2192 2167 iis
2237 2113 2338 2169 est
2379 2125 2620 2191 cogna-

348 2215 474 2280 tior
546 2237 734 2302 quam
798 2238 845 2277 a
903 2212 1180 2281 similiter
1226 2238 1305 2280 ex
1360 2214 1579 2280 intimo
1628 2222 1893 2299 gutture
1949 2211 2247 2302 prodiens
2283 2214 2624 2304 (quodque

350 2351 499 2394 cum
546 2328 678 2394 -hoc
721 2327 1055 2408 cohaeret,
1121 2352 1156 2392 e
1200 2326 1709 2416 nonnunquam).
1824 2327 1972 2401 Qua
2029 2350 2109 2392 ex
2163 2350 2467 2395 sonorum
2506 2330 2621 2396 ho·

345 2464 491 2508 rum
538 2444 802 2508 ‘natura
861 2441 1165 2530 peculiari
1225 2441 1289 2507 in
1350 2443 1579 2510 ceteris
1654 2440 1911 2530 quidem
1982 2441 2268 2509 dialectis
2329 2443 2622 2510 semiticis
2695 2468 2702 2474 ‘

350 2556 587 2623 multae
631 2557 917 2623 oriuntur
962 2577 1262 2621 sonorum
1303 2557 1639 2625 varietates
1684 2566 1751 2623 et
1787 2555 2203 2635 mutationes,
2254 2566 2319 2623 at
2359 2556 2423 2622 in
2468 2560 2624 2624 Ara-

352 2672 505 2735 bum
566 2666 787 2756 ling'ua
844 2672 1037 2757 purai,
1112 2669 1358 2735 fortiori
1418 2670 1799 2758 diversoque
1858 2669 2112 2735 omnino
2155 2668 2466 2736 vocalium
2509 2672 2623 2737 ha-

352 2784 487 2850 bitu
533 2781 754 2849 induta
794 2781 1002 2848 nullae
1045 2793 1427 2864 cernuntur,
1471 2784 1590 2850 nisi
1634 2781 1811 2872 quod
1848 2784 1913 2848 in
1956 2784 2081 2848 una
2128 2782 2331 2850 forma
2374 2807 2412 2850 e
2445 2790 2623 2851 mo're

350 2898 521 2966 velut
564 2877 819 2985 antiquo
862 2897 1058 2962 breve
1093 2920 1142 2961 ιι
1183 2896 1282 2986 vel
1324 2897 1353 2961 i
1395 2896 1783 2985 gutturalem
1824 2907 1936 2963 aut
1975 2919 2245 2984 sequens
2290 2909 2402 2966 aut
2438 2921 2626 2986 prae-

353 3011 651 3079 cedens‘
633 3035 698 3077 ιιι
741 3014 773 3059 ὖ
815 3020 1126 3077 mutatum
1169 3019 1301 3090 est,
1347 3032 1557 3098 neque
1595 3008 1666 3076 id
1707 3009 1825 3076 nisi
1867 3010 1931 3076 in
1972 3010 2179 3076 verbis
2178 3011 2417 3144 „certis
2460 3034 2626 3101 quac

1824 3115 1853 3144 ³
1866 3113 1947 3143 ΗΟ

353 3178 481 3243 hoc
517 3176 685 3243 velut
726 3197 804 3240 ex
846 3171 966 3239 alia
1009 3179 1220 3238 aetate
1261 3181 1630 3274 servarunt,
1680 3180 1754 3239 ut
1798 3161 1942 3256 ,δύα
1994 3191 2074 3235 ex
2122 3113 2268 3255 ,3³2³
2320 3168 2412 3256 ¹).

521 3315 936 3401 Possuntque
991 3313 1130 3379 soni
1177 3312 1245 3377 hi
1305 3312 1561 3379 Semitis
1622 3314 1805 3379 tanta
1870 3311 2056 3398 copia
2118 3310 2473 3398 peculiares
2535 3312 2625 3379 la-

355 3432 548 3496 bente
588 3427 811 3514 lingua
848 3447 1160 3514 perquam
1203 3427 1523 3514 corrumpi
1566 3437 1633 3494 et
1674 3423 2010 3505 confundi,
2068 3424 2292 3512 spiritu
2331 3426 2454 3494 isto
2497 3428 2627 3493 for-

355 3544 518 3611 tiore
556 3535 878 3633 paullatim
921 3538 1197 3605 emollito
1217 3589 1236 3619 ,
1296 3537 1538 3606 leniore
1588 3539 1737 3605 eliso
1780 3560 2042 3632 prorsus
2090 3550 2155 3605 et
2196 3539 2626 3626 pessumdato.

358 3654 494 3724 Sed
565 3667 633 3724 et
684 3655 789 3721 hic
850 3676 1015 3741 pura
1076 3654 1306 3720 emicat
1362 3665 1428 3720 et
1482 3653 1768 3719 mascula
1822 3654 2101 3718 Arabum
2143 3652 2396 3739 lingua,
2463 3677 2630 3741 quae

298 3772 307 3780 ’
356 3793 550 3838 sonos
611 3768 730 3835 hos
799 3769 1186 3835 constantius
1240 3768 1592 3856 puriusque
1648 3788 1840 3853 quam
1899 3776 2157 3831 ceterae
2217 3765 2467 3834 dialecti
2527 3789 2628 3833 se-

467 3994 528 4061 1)
565 3991 692 4046 Plus
741 3991 1057 4047 difficultatis
1113 3994 1451 4062 gutturalium
1503 3996 1555 4045 in
1617 3996 1718 4046 fine
1771 3993 1998 4058 syllabae
2047 3992 2399 4060 pronunciatio
2462 3992 2633 4059 habet,

573 4084 639 4137 de
687 4099 789 4154 qua
836 4086 900 4137 cf.
940 4084 1154 4139 Notices
1201 4091 1255 4136 et
1302 4083 1453 4136 Extr.
1491 4085 1555 4136 T.
1588 4088 1637 4136 9.
1677 4099 1726 4151 p.
1754 4087 1842 4135 21.
1917 4082 2051 4135 Nam
2089 4086 2208 4148 post
2240 4083 2447 4134 vocales
2482 4084 2633 4135 dissi-

573 4175 717 4229 miles
771 4194 806 4226 u
855 4177 876 4226 ι’
926 4178 1115 4228 vocalis
1150 4176 1358 4242 quidam
1401 4192 1557 4228 sonus
1598 4192 1656 4227 se
1703 4174 1944 4237 intrudit,
1997 4173 2084 4239 qui
2120 4175 2172 4225 in
2218 4174 2415 4239 vulgari
2462 4176 2636 4241 lingua.

572 4265 836 4317 vocalibus
887 4268 1125 4319 finalibus
1173 4272 1379 4320 carente
1426 4273 1544 4336 post
1594 4259 1798 4333 longam
1832 4264 2133 4333 praesertim
2167 4265 2398 4366 vocalem
2432 4266 2637 4317 auditur

574 4362 633 4412 ut
682 4351 809 4447 ἔρ
847 4353 1008 4410 ηιὶθΙι.
