2984 4959
1144 308 1700 404 Prolegomena.
2273 387 2286 400 ‚
2523 325 2574 397 7

458 490 689 557 Cultae
724 489 985 577 linguae
1024 502 1257 559 ornatu
1298 513 1429 558 non
1468 503 1707 580 poetae
1745 491 1950 559 solum
1989 514 2242 582 semper
2283 493 2383 561 mi
2425 506 2575 564 sunt
2618 521 2686 569 12

282 604 676 691 antiquitatis
717 604 982 685 aemuli,
1023 604 1145 672 sed
1183 605 1532 694 scriptores
1579 606 1774 674 etiam
1815 606 2017 674 ceteri
2054 607 2274 694 primis
2301 601 2571 695 heg'rae

284 717 556 798 seculis;
612 717 971 805 mansitque
1022 719 1132 785 hic
1186 719 1496 786 sermonis
1537 720 1799 786 vestitus
1842 719 1909 784 in
1952 720 2208 807 scriptis
2246 742 2570 808 gramma-

285 831 464 910 ficis,
538 829 919 917 theologicis
932 882 954 913 ‚
1018 831 1311 921 juridicis
1327 883 1347 912 ‚
1421 832 1814 920 aliorumque
1876 833 2181 925 scientiae
2233 854 2571 921 generum.

285 942 426 1012 Sed
492 945 605 1032 qui
662 944 871 1012 soluta
926 945 1218 1013 oratione
1275 944 1635 1013 delectandi
1696 968 1894 1012 causa
1946 947 2167 1033 scripti
2224 958 2376 1015 sunt
2428 947 2572 1014 libri

282 1060 493 1127 minus
546 1081 779 1146 graves
821 1067 889 1125 et
928 1056 1264 1145 profundi,
1319 1068 1391 1126 ut
1431 1058 1787 1125 fabularum
1829 1071 1896 1125 et
1939 1060 2347 1132 historiarum
2388 1063 2571 1129 ficta-

284 1194 464 1252 rum,
526 1173 568 1238 ii
623 1195 664 1238 a
718 1170 937 1260 quinto
992 1170 1209 1237 seculo
1259 1193 1556 1238 sermone
1609 1172 1784 1259 vulgi
1827 1171 2089 1263 jamjam
2131 1174 2582 1263 degenerante

198 1351 207 1360 ,
285 1283 716 1373 negligentius
780 1284 1223 1350 exarabantur.
1327 1284 1516 1361 Quae
1572 1284 1832 1374 quidem
1885 1287 2204 1353 scribendi
2240 1287 2406 1354 ratio
2447 1310 2568 1376 pro

284 1400 442 1488 ipsis
479 1397 847 1465 auctoribus
892 1407 959 1464 et
998 1397 1184 1465 terris
1228 1396 1401 1463 adeo.
1441 1399 1675 1480 variat,
1737 1410 1814 1467 ut
1851 1422 2018 1489 quae
2060 1401 2141 1470 sit
2180 1399 2379 1470 cuivis
2418 1423 2570 1491 pro-

286 1513 429 1601 pria
442 1563 462 1593 ‚
518 1513 583 1578 in
620 1511 884 1598 singulis
926 1511 1009 1577 sit
1047 1508 1392 1578 videndum
1432 1509 1813 1582 accuratius,

458 1655 836 1743 Scripturae
876 1675 1165 1743 quoque,
1225 1653 1405 1745 cujus
1445 1655 1724 1726 indolem
1766 1666 1832 1725 et
1873 1654 2199 1723 historiam
2249 1675 2440 1722 nosse
2483 1654 2568 1721 ad
2611 1678 2680 1728 13

287 1769 491 1858 ipsam
535 1768 1020 1855 grammaticam
1063 1766 1544 1860 intelligendam
1577 1769 1973 1837 utilissimum
2003 1778 2103 1835 est
2117 1818 2135 1849 ‚
2177 1791 2295 1856 per
2323 1779 2570 1835 vastam

206 1945 215 1951 ,
288 1882 586 1952 Arabiam
639 1880 814 1946 varia
872 1881 1070 1950 fuisse
1123 1902 1370 1968 genera
1425 1902 1548 1969 per
1589 1904 1663 1947 se
1704 1891 1896 1970 patet.
2016 1879 2152 1947 Sed
2195 1881 2332 1971 ejus
2372 1881 2570 1976 histo-

285 1994 384 2060 ria
427 1994 498 2082 ¹)
554 1991 728 2060 haud
785 1994 1032 2086 exiguis
1089 2018 1313 2090 pressa
1370 2003 1471 2067 est
1537 1992 2031 2066 difficultatibus.
2140 1992 2439 2062 Certiora
2483 1990 2569 2058 ad

290 2106 454 2174 haec
491 2104 779 2176 redeunt.
2217 2111 2223 2118 ’

461 2252 631 2318 Cum
701 2248 950 2318 diversa
1007 2248 1352 2317 admodum
1409 2252 1490 2320 sit
1540 2274 1663 2342 pro
1707 2252 1958 2347 diversa
1999 2262 2213 2319 terrae
2253 2249 2564 2318 inhabita-
2612 2270 2682 2319 14

288 2376 396 2433 tae
460 2364 822 2432 conditione
861 2366 1144 2434 Arabum
1202 2365 1481 2446 cultura,
1549 2367 1929 2455 scripturam
1981 2366 2048 2432 in
2089 2364 2397 2434 tractibus
2439 2364 2572 2432 cul-

289 2479 554 2548 tioribus
610 2478 993 2568 populisque
1053 2480 1449 2567 peregrinis·
1474 2478 1562 2545 ad
1619 2480 1932 2547 culturam
1998 2477 2243 2546 dudum
2309 2477 2569 2544 emersis

290 2594 691 2660 vicinioribus
744 2592 918 2683 prius
984 2616 1175 2681 quam
1221 2593 1386 2660 inter
1424 2594 1630 2661 tribus
1671 2593 1976 2660 nomades
2019 2591 2316 2660 usitatam
2352 2590 2580 2669 fuisse,

288 2714 425 2772 tum
484 2726 604 2791 per
643 2728 741 2771 -se
796 2706 1125 2793 probabile
1169 2718 1270 2774 est
1308 2718 1445 2774 tum
1485 2709 1751 2797 paucis,
1816 2730 1984 2796 quae
2029 2704 2359 2773 consulere
2399 2703 2568 2783 licet,

287 2819 589 2886 historiae
640 2819 1012 2889 testimoniis
1056 2819 1311 2886 abunde
1356 2823 1784 2890 confirmatur.
1884 2820 2156 2886 Arabiae
2195 2818 2571 2907 praesertim

290 2932 457 2999 felici
498 2957 546 3000 s,
588 2934 631 2998 J
632 2957 894 3000 emanae
946 2935 1194 3003 cultura
1244 2947 1313 3003 et
1357 2934 1751 3001 commerciis
1790 2909 2044 3001 florenti
2099 2933 2414 3021 scriptura
2453 2933 2572 2999 fuit

287 3031 630 3136 antiquitus
686 3049 922 3117 usitata
939 3099 960 3130 ‚
1036 3049 1120 3115 ab
1169 3048 1576 3138 ‘Himjaritisq
1646 3045 1882 3136 populo
1944 3058 2210 3134 potente
2268 3056 2336 3113 et
2377 3044 2567 3124 culta,

301 3142 335 3182 ε’.
372 3150 508 3183 ,θυι-ο
542 3149 718 3182 >uu-0

289 3192 487 3311 ἔρξ’
529 3192 683 3305 full
727 3205 1066 3276 nominata.
1169 3207 1356 3283 Quae
1398 3204 1657 3296 quando
1700 3207 1781 3273 sit
1836 3216 1978 3274 orta
2021 3215 2091 3275 et,
2126 3203 2412 3285 exculta,
2455 3227 2566 3270 cu-
2613 3269 2639 3296 ¹,

277 3340 466 3430 jnsve
521 3339 709 3406 fuerit
764 3338 993 3405 indolis
1014 3389 1034 3419 ,
1099 3361 1271 3405 nunc
1314 3338 1576 3427 quidem
1615 3336 1868 3403 definiri
1913 3336 2167 3425 nequit,
2230 3334 2350 3401 nisi
2390 3335 2567 3423 quod

288 3480 430 3522 eam
485 3455 863 3543 Aethiopum
919 3452 1263 3519 vicinorum
1302 3454 1668 3543 ‘scripturae
1714 3460 2062 3537 cognatam
2121 3449 2322 3518 fuisse
2360 3450 2563 3536 suspi-

289 3569 420 3637 cari
477 3568 642 3636 licet.
748 3568 919 3634 Nam
981 3577 1228 3634 vetusta
1269 3566 1749 3656 Himjaritarum
1794 3562 2112 3652 opulentia
2177 3562 2351 3628 brevi
2414 3574 2561 3629 ante

285 3681 806 3752 Muhammadum
883 3691 1174 3770 tempore
1252 3681 1548 3769 gentium
1608 3678 2098 3767 peregrinarum
2178 3676 2240 3742 vi
2316 3698 2559 3756 eversa,
2661 3760 2665 3766 η

374 3905 435 3972 1)
484 3905 551 3958 cf.
588 3901 838 3955 Pocockii
867 3917 1012 3969 spec.
1054 3920 1107 3971 p.
1139 3905 1287 3954 159-
1306 3904 1427 3953 163.
1512 3896 1709 3951 Adlen·
1743 3897 2022 3965 descriptio
2056 3896 2207 3949 codd.
2244 3896 2560 3963 quorundam

499 3995 796 4047 cuficornm.
851 3996 1009 4045 1780.
1094 3990 1156 4042 de
1192 3995 1336 4060 Sacy
1386 3989 1602 4042 histoire
1638 3989 1704 4040 de
1743 3986 2003 4040 l‘ecriture
2037 3986 2200 4055 parmi
2235 3987 2311 4037 les
2346 3986 2560 4046 Arabe3‚

494 4084 549 4135 in
601 4084 875 4139 memoires
925 4083 992 4134 de
1042 4083 1309 4134 literature
1328 4120 1345 4147 ,
1401 4080 1467 4133 de
1519 4080 1817 4133 l’academie
1854 4078 1946 4130 des
1981 4078 2113 4129 Insc.
2152 4077 2215 4128 T.
2243 4082 2330 4128 50.
2366 4096 2418 4144 p.
2451 4078 2559 4127 248

498 4189 608 4240 sqq.
698 4174 883 4241 Koppe
932 4171 1113 4224 Bilder
1163 4171 1269 4223 und
1314 4169 1573 4224 Schristen
1622 4170 1716 4223 der
1762 4170 1980 4223 vorzeit
2023 4169 2087 4221 T.
2116 4172 2167 4220 2.
2217 4186 2268 4236 p.
2296 4172 2404 4219 287
2439 4183 2551 4232 sqq.

498 4262 816 4317 Quibuscum
870 4262 1146 4331 praecipue
1201 4263 1546 4330 comparanda
1600 4257 2045 4314 Ibn-Klzalduni
2096 4257 2252 4308 verba
2297 4257 2350 4307 iu
2401 4256 2557 4318 Sacyi

496 4352 681 4428 chrest.
716 4351 781 4405 T.
809 4356 862 4406 2.
898 4372 950 4423 p.
982 4356 1260 4407 117-133.
