2984 4959
457 305 555 376 32
1198 287 1332 358 'De
1396 291 1971 363 consonantibus.

457 473 608 540 dam
673 470 896 541 aetatis
954 465 1321 537 recentioris
1384 483 1760 559 perpetuam
1817 473 1955 539 fere
2005 472 2328 540 literarum
2378 482 2727 541 commuta-

455 588 693 655 tionem
749 583 840 671 ¹).

334 766 409 817 54
618 752 836 839 thue
877 733 932 800 10
980 770 1059 813 ex
1085 734 1139 799 b
1199 757 1409 814 ortum
1469 748 1648 816 sibilo
1705 748 2090 829 accedente,
2169 749 2263 816 sic
2320 771 2398 816 ex
2450 749 2517 801 ὥ
2573 759 2640 816 et
2686 756 2723 799 ὃ

453 850 594 933 orta
644 874 790 931 sunt
856 878 890 910 ···
959 873 988 924 t
1047 870 1113 926 et
1148 859 1230 941 d,
1290 884 1449 949 quos
1501 885 1690 928 sonos
1738 862 2017 929 immixto
2059 861 2237 929 sibilo
2290 862 2508 949 lingua
2547 861 2727 929 forti-

450 990 552 1046 ter
624 977 708 1044 ad
769 974 1011 1043 medias
1065 972 1226 1040 duas
1279 972 1563 1042 dentium
1615 974 1810 1042 series
1870 975 2040 1042 allisa
2094 976 2340 1073 Anglici
2398 976 2476 1040 th,
2526 976 2727 1043 instar

451 1092 685 1157 efferre
713 1091 958 1181 jubent.
1042 1086 1148 1152 De
1182 1108 1448 1175 quarum
1497 1086 1821 1155 literarum
1855 1089 2045 1156 trium
2087 1088 2251 1155 inter
2292 1088 2452 1155 duas
2488 1089 2724 1157 classes

451 1205 795 1294 ancipitum
822 1214 889 1270 et
929 1200 1266 1296 mixtarum
1299 1200 1550 1288 origine
1589 1200 1642 1267 si
1681 1201 1962 1290 quaeris,
2005 1203 2168 1268 haec
2201 1201 2478 1279 tenenda
2506 1202 2722 1269 viden-

447 1330 569 1386 tur.
655 1318 1019 1384 Literarum
1052 1299 1241 1368 3535>
1278 1314 1720 1403 pronunciatio
1756 1316 2067 1405 primitiva
2109 1316 2359 1382 sibilans
2400 1314 2516 1382 suit
2546 1305 2719 1404 vult,

444 1429 762 1497 Hebraeis
805 1427 1018 1495 adhuc
1061 1437 1328 1493 servata.
1440 1428 1627 1503 Quae
1670 1428 1928 1516 quidem
1967 1428 2191 1495 literae
2233 1429 2552 1495 sibilantes
2597 1428 2720 1494 du-

440 1545 643 1611 riores
685 1543 752 1609 in
797 1542 1121 1631 densiores
1163 1551 1370 1608 mutas
1417 1549 1746 1608 ceSSerunt
1789 1542 2002 1633 Syris,
2061 1543 2469 1630 Arabumque
2522 1540 2713 1628 vulgo

332 1661 335 1662 ἢ
444 1658 712 1726 cessisse
789 1654 1017 1722 exinde
1089 1664 1372 1738 constat,
1458 1653 1635 1744 quod
1707 1667 1922 1723 mutae
1999 1656 2064 1723 in
2131 1655 2349 1742 lingua
2405 1654 2714 1721 hodierna

442 1773 950 1861 scriptorumque
1003 1768 1417 1835 vetustiorum
1474 1769 1646 1857 vulgi
1688 1769 2002 1858 loquelam
2044 1770 2446 1857 sequentium
2485 1769 2713 1857 legun·

439 1897 564 1954 tur.
679 1882 1003 1951 Subtiliori
1067 1893 1282 1949 autem
1335 1884 1618 1950 Arabum
1677 1906 1971 1949 sermone
2015 1906 2094 1949 ex
2141 1885 2393 1950 vetusta
2431 1906 2713 1972 pronun-

441 1998 712 2068 ciatione
766 1995 1017 2065 sibilans
1072 1994 1286 2063 adhuc
1353 2019 1549 2064 sonus
1611 1995 1883 2065 inhaesit
1960 1995 2151 2063 literis
2199 1996 2294 2062 his
2352 1996 2709 2086 adspersus.

437 2112 631 2181 Unde
682 2132 1044 2200 quanquam
1087 2110 1403 2177 fluctuans
1455 2095 1621 2177 inter
1674 2108 1990 2198 duplicem
2036 2132 2261 2176 sonum
2301 2109 2519 2198 lingua
2554 2111 2711 2178 scri-

435 2228 594 2293 bere
627 2237 873 2305 tamen,
896 2208 1063 2290 ‘cum
1114 2223 1368 2316 figurae
1408 2222 1763 2313 peculiares
1809 2222 2141 2305 deessent,
2183 2223 2400 2308 maluit
2450 2236 2709 2305 mutam,

438 2338 618 2427 cujus
667 2317 860 2403 sonus
907 2335 1128 2403 literae
1186 2336 1418 2403 mixtae
1468 2338 1703 2403 inesset
1751 2358 2131 2425 semperque
2177 2336 2241 2402 in
2295 2323 2486 2425 vulgo
2530 2338 2707 2404 audi-

427 2463 627 2520 retur.
758 2450 1086 2541 Simulque
1156 2472 1350 2526 sonus
1423 2450 1758 2541 peculiaris
1823 2449 2321 2539 significationes
2388 2450 2707 2520 interdum

433 2563 780 2655 distinguit.
950 2549 955 2554 .

316 2763 395 2814 55
601 2734 869 2801 Literae
902 2716 1123 2806 2205
1140 2748 1267 2812 ωε,
1324 2729 1479 2820 quia
1515 2728 1868 2822 secundum
1914 2728 2077 2795 haec
2111 2751 2255 2796 cum
2282 2730 2502 2820 spiritu
2543 2753 2702 2819 quo-

434 2846 588 2916 dam
623 2870 698 2915 os
726 2856 1020 2936 apertum
1051 2846 1341 2914 celeriter
1378 2845 1794 2912 contrahente
1830 2853 1898 2911 et
1931 2841 2267 2913 claudente
2291 2846 2705 2933 proferuntur

841 2949 938 2979 ,ω
940 2948 1017 2978 ω

429 3007 748 3140 nominem
753 2993 968 3061 minxi
1034 3004 1315 3071 clausae
1394 2965 1869 3132 distinguuntur
1937 3006 2019 3074 ab
2105 3005 2394 3072 omnibus
2472 2996 2702 3073 ceteris

341 3139 354 3154 ,
428 3110 459 3142 ³

430 3108 748 3223 3312ὕῖ
735 3176 1024 3254 apertae
1069 3163 1255 3249 dictis
1295 3164 1391 3253 ²).

312 3369 384 3422 56
603 3334 826 3418 Litera
883 3328 1110 3402 nasalis
1170 3348 1230 3414 ὁ
1288 3334 1604 3403 Arabibus
1653 3356 2014 3423 quanquam
2072 3333 2137 3402 in
2182 3336 2311 3401 fine
2360 3357 2591 3402 vocum
2633 3346 2702 3404 et

430 3461 579 3520 ante
615 3447 969 3538 gutturales
1012 3471 1238 3515 sonum
1277 3448 1475 3516 habet
1517 3468 1780 3537 purum,
1839 3458 1989 3513 ante
2033 3447 2244 3516 literas
2284 3461 2498 3518 tamen
2544 3472 2697 3521 uva-

427 3565 519 3633 les
545 3565 732 3652 (cum
762 3560 853 3649 g)
892 3561 1242 3649 linguales‚
1311 3560 1632 3643 dentales‚
1705 3560 2056 3648 gingivales
2105 3573 2170 3629 et
2226 3556 2283 3616 ό
2329 3588 2447 3653 per
2472 3588 2699 3634 nasum

427 3678 678 3750 sortiter
734 3697 965 3748 sonare
1022 3674 1284 3757 dicitur,
1349 3686 1498 3744 ante
1540 3696 1606 3725 υ
1637 3675 1712 3740 ,in
1742 3697 1966 3740 sonum
2017 3702 2051 3773 ς
2100 3677 2400 3759 transire,
2442 3691 2694 3760 anteo
2654 3693 2673 3710 ·

427 3801 587 3889 (ἐς,
625 3790 781 3877 (11131
825 3801 880 3863 s?
926 3801 992 3858 et
1026 3815 1062 3865 2
1118 3788 1181 3854 in
1237 3788 1448 3855 media
1489 3787 1613 3855 sint
1653 3787 1850 3876 voce)
1912 3788 1978 3852 in
2040 3801 2408 3876 sequentem
2468 3814 2695 3858 sonum

423 3903 580 3971 solvi
619 3913 917 3970 manente
973 3923 1130 3968 sono
1190 3900 1468 3991 quodam
1506 3881 1782 3967 obscuro
1823 3902 2055 3982 1133311,
2098 3903 2215 3968 11131
2256 3901 2489 3990 quod
2471 3927 2537 3970 m
2585 3926 2693 3970 ea-

528 4141 590 4209 1)
625 4139 693 4194 cf.
737 4139 902 4191 Casiri
942 4140 1063 4195 bibl.
1121 4141 1243 4194 Esc.
1294 4141 1359 4193 T.
1391 4146 1440 4194 1.
1494 4159 1546 4211 p.
1586 4144 1671 4192 17.
1780 4138 2043 4192 Hamaker
2095 4135 2161 4189 ad
2211 4135 2296 4189 lib.
2347 4134 2414 4187 de
2469 4145 2692 4203 expugn.

632 4228 861 4296 Memph.
899 4248 949 4298 p.
980 4235 1052 4282 28
1086 4237 1143 4284 et
1175 4230 1306 4283 infra
1343 4233 1391 4295 S.
1419 4234 1507 4284 59,

525 4330 590 4399 2)
627 4347 674 4386 ν.
712 4328 834 4382 Not.
869 4336 927 4382 et
956 4330 1106 4386 Extr.
1141 4330 1207 4384 Τ.
1229 4334 1280 4384 9.
1320 4348 1369 4399 p.
1398 4333 1451 4382 8.
1489 4332 1577 4382 42.
