2984 4959
298 534 366 582 17

292 3938 366 3986 18

198 4311 207 4322 Ι
302 4277 320 4308 Ι

372 297 383 314 ⁸
420 344 516 410 10
972 379 979 384 -
1275 331 1816 425 Prolegomena.

580 511 840 578 Recens
894 511 1057 577 haec
1115 512 1282 580 inter
1336 512 1775 580 Koraischitas
1834 509 2095 598 vulgata
2145 513 2472 602 scriptura
2512 537 2681 595 mox,

394 626 642 693 Korani
676 625 996 713 particulis
1029 625 1289 712 singulis
1319 650 1356 692 e
1384 627 1521 691 vivo
1541 624 1898 713 prophetae
1931 646 2046 689 ore
2078 647 2119 690 a
2141 628 2368 694 scribis
2400 628 2683 716 exceptis

393 740 718 829 literisque
775 737 1122 817 mandatis,
1183 738 1331 804 dein
1387 740 1654 805 Korano
1712 736 1968 823 integro
2027 738 2109 802 ab
2164 740 2508 806 Abubecro
2550 740 2682 806 col-

407 853 576 920 lecto
636 865 768 920 tam
826 854 1191 940 frequenter
1241 851 1404 917 libro
1462 872 1648 917 sacro
1706 848 2129 916 describendo
2172 851 2452 919 inserviit
2492 863 2686 940 atque

407 967 473 1032 in
529 988 750 1032 omnes
807 965 1083 1031 Arabiae
1135 973 1377 1032 tractus
1433 964 1863 1051 regionesque
1919 973 2168 1030 exteras
2226 976 2403 1033 tanto
2452 966 2686 1032 ardore

405 1091 774 1168 propagata
830 1089 964 1157 est,
1043 1087 1116 1144 ut
1173 1088 1394 1143 cetera
1457 1099 1629 1165 quae
1692 1077 2006 1143 Arabibus
2076 1088 2293 1146 essent
2362 1077 2683 1145 scribendi

405 1215 651 1280 genera
693 1191 1061 1258 obliteraret
1097 1212 1360 1277 prorsus
1401 1192 1671 1277 ipsaque
1714 1189 1846 1258 sola
1889 1199 2177 1257 maneret
2217 1191 2465 1265 usitata.
2550 1191 2683 1257 La-

404 1308 601 1373 bente
655 1316 947 1392 tempore
998 1325 1120 1368 nec
1177 1303 1318 1390 ipsa
1357 1303 1479 1368 sibi
1522 1298 1801 1371 constitit
1841 1302 2197 1391 multasque
2235 1307 2431 1374 subiit
2475 1312 2681 1374 muta-

404 1419 610 1487 tiones
658 1417 808 1483 satis
851 1437 1102 1503 graves·
1215 1416 1506 1491 Quarum
1549 1414 1806 1505 quidem
1848 1416 1913 1482 in
1954 1417 2315 1486 universum
2358 1430 2490 1487 tres
2533 1408 2681 1488 s'uut

404 1555 641 1600 causae
684 1542 750 1599 et
791 1550 1051 1618 genera.
1159 1527 1331 1594 Nam
1373 1529 1648 1617 primum
1687 1530 2003 1619 scriptura
2041 1529 2270 1597 eadem
2309 1510 2577 1598 diversis
2617 1532 2684 1596 in

401 1644 770 1731 regionibus
835 1642 1070 1722 usitata
1126 1643 1360 1707 sensim
1411 1642 1477 1707 in
1534 1641 1735 1709 varias
1777 1666 1922 1709 sese
1964 1619 2259 1711 diffundit
2302 1644 2551 1731 species
2595 1642 2684 1707 le-

401 1759 561 1825 viter
604 1756 902 1826 diversas,
1018 1753 1131 1820 Sic
1189 1752 1369 1841 apud·
1418 1755 1662 1820 Arabes
1715 1776 1832 1843 pro
1893 1756 2144 1821 urbium
2181 1754 2507 1822 literarum
2551 1753 2683 1820 cul-

401 1882 547 1939 tura
603 1882 671 1938 et
724 1867 972 1938 Korani
1025 1866 1329 1955 imprimis
1391 1864 1796 1934 describendi
1826 1868 2126 1951 ‚officinis
2197 1869 2686 1958 conspicuamm

402 1985 706 2053 varietate
767 1982 944 2048 varia
1009 1981 1309 2047 exstitere
1365 1979 1652 2070 ejusdem
1717 1981 2070 2073 scripturae
2125 2003 2389 2070 genera.
2517 1981 2686 2048 Dein
2738 2000 2750 2020 ³

402 2101 718 2187 scriptura
780 2096 1147 2184 frequenter
1199 2094 1432 2161 usitata
1480 2115 1602 2182 pro
1645 2094 1818 2160 vario
1858 2116 2017 2176 usu,
2095 2104 2171 2161 ut
2231 2115 2453 2173 sacro,
2518 2093 2687 2160 vitae

400 2211 715 2299 vulgaris,
791 2208 958 2287 aliis,
1022 2207 1260 2272 variam
1312 2205 1519 2274 induit
1575 2207 1880 2291 sormam3
1952 2206 2126 2275 unde
2182 2207 2495 2273 Arabibus
2557 2204 2685 2272 duo

401 2324 798 2418 potissimum
849 2333 990 2387 orta
1034 2332 1182 2387 sunt
1218 2342 1498 2408 genera,
1557 2321 1856 2403 alterum,
1918 2320 2166 2390 Korani
2221 2320 2686 2409 exemplaribus

404 2450 471 2506 et
528 2436 948 2504 monumentis
1011 2436 1280 2524 publicis
1336 2437 1698 2524 proprium,
1764 2434 1958 2503 literis
2002 2444 2301 2502 constans
2342 2433 2686 2523 majoribus

404 2566 470 2621 et
513 2552 964 2632 crassioribus3
1009 2551 1279 2617 alterum
1320 2550 1486 2617 vitae
1527 2549 1774 2635 vulgari
1815 2547 2117 2614 idoneum
2151 2547 2498 2629 volubilius,
2540 2548 2685 2613 bre-

402 2666 540 2731 vius
562 2715 582 2746 .‚
625 2664 940 2730 minutius.
1040 2661 1394 2729 Praeterea
1451 2662 1767 2749 scriptura
1821 2661 1990 2727 vices
2054 2661 2224 2728 subit
2279 2660 2685 2748 gravissimas

406 2800 448 2842 e
498 2774 802 2861 temporis
874 2796 1227 2862 progressu
1293 2785 1522 2864 sponte
1589 2796 1708 2840 sua
1762 2775 2034 2840 fluentes
2058 2824 2075 2854 ‚
2152 2774 2385 2863 partim
2442 2773 2685 2866 calamo

405 2889 788 2976 scripturam
863 2886 1353 2976 frequentissimi
1418 2912 1572 2957 usus
1642 2888 2089 2976 properantius
2164 2898 2230 2954 et
2297 2887 2686 2954 contractius

405 3004 715 3093 pingente
764 3010 958 3091 atque
999 3001 1088 3069 ita
1127 3002 1376 3090 figuras
1420 3002 1745 3069 literarum
1785 3001 1960 3069 initio
2006 3004 2172 3067 bene
2217 3012 2283 3069 et
2323 3000 2686 3068 necessario

407 3115 732 3184 distinctas
783 3126 1069 3185 mutante
1111 3128 1175 3185 et
1218 3117 1682 3198 confundente3
1744 3116 1976 3204 partim
2014 3113 2223 3183 studio
2263 3116 2688 3181 invalescente

405 3231 783 3319 scripturam
841 3231 950 3296 ubi
1004 3241 1118 3298 aut
1175 3231 1442 3297 confusa
1502 3241 1570 3297 et
1622 3228 1985 3298 indistincta
2029 3229 2201 3296 facta
2244 3240 2414 3296 esset
2453 3238 2565 3295 aut
2605 3228 2687 3293 ab

402 3345 579 3413 initio
617 3366 743 3410 non
787 3343 938 3429 satis
983 3341 1260 3409 dilucida
1305 3354 1370 3411 et
1406 3343 1728 3430 perfecta,
1785 3342 1881 3409 vel
1937 3344 2210 3432 tempori
2251 3343 2474 3409 seriori
2513 3340 2689 3409 haud

403 3479 666 3547 prorsus
732 3467 883 3545 apta
942 3455 1116 3524 facta
1176 3454 1497 3523 videretur
1512 3507 1531 3535 ‚
1599 3456 1784 3524 variis
1843 3443 2192 3525 rationibus
2251 3456 2689 3522 dilucidiorem

402 3569 751 3651 reddendi,
813 3567 1157 3658 “ampliandi
1174 3619 1193 3650 ‚
1248 3568 1642 3657 perficiendi.
1758 3570 1961 3661 Cujus
2004 3571 2262 3660 generis
2303 3570 2686 3638 mutationes

407 3685 687 3752 Arabum
730 3684 1047 3771 scriptura
1085 3705 1277 3772 passa
1320 3694 1418 3749 est
1460 3682 1887 3772 gravissimas,

576 3911 908 3979 Islamismi
970 3913 1088 3978 sub
1143 3909 1330 3977 initiis
1374 3912 1690 3999 scriptura
1722 3910 2100 3976 Meccensis
2145 3920 2211 3977 et
2252 3898 2689 3994 Medinensis

409 4027 681 4094 maxime
736 4025 1062 4093 nobilitata
1117 4035 1257 4104 est,
1321 4024 1385 4088 in
1449 4025 1713 4090 urbibus
1768 4026 2009 4091 florens
2066 4047 2104 4088 e
2158 4023 2387 4110 quibus
2442 4022 2689 4088 Korani

413 4140 862 4230 exemplarium
930 4140 1117 4228 copia
1180 4135 1385 4226 prima
1446 4137 1697 4225 prodiit.
1812 4138 1998 4213 Quae
2058 4138 2223 4202 inter
2265 4157 2511 4224 genera
2559 4134 2688 4201 duo

413 4256 566 4344 quid
633 4252 1007 4322 discriminis
1067 4251 1295 4332 fuerit,
1381 4273 1648 4338 parvum
1709 4262 1866 4340 puto
1936 4262 2001 4319 et
2069 4251 2219 4319 satis
2292 4252 2464 4331 leve,
2573 4250 2689 4316 ho-

415 4369 518 4435 die
604 4366 732 4435 dici
817 4368 1079 4455 nequit,
1180 4388 1327 4432 cum
1413 4376 1479 4433 et
1563 4367 1819 4434 traditio
1890 4365 1974 4433 de
2029 4388 2131 4432 eo
2206 4367 2358 4435 satis
2421 4366 2501 4433 sit
2574 4366 2689 4431 ob-
