2984 4959
1174 298 1286 370 De
1336 298 1579 390 Vecla.
1620 376 1626 383 ,
2412 309 2513 395 73

424 483 674 550 Harum
727 507 957 555 vocum
1007 485 1287 551 omnium
1332 482 1568 575 syllaba
1609 499 1739 573 qua
1781 483 2114 553 ordiuntur
2162 488 2516 576 composita
2544 511 2649 564 13⁵

247 595 537 664 vocalem
595 599 1024 665 tenuissimam
1075 609 1141 665 et
1184 597 1690 685 sagacissimam,
1762 609 1986 685 utpote
2031 620 2197 686 quae
2269 611 2380 667 aut
2428 603 2514 667 ob

249 709 790 798 pronunciationis
836 722 1080 779 tantum
1113 709 1572 799 proclivitatem
1612 708 1854 779 adscita
1899 721 2010 778 aut
2044 710 2364 778 debilitata
2400 711 2516 779 ad-

249 822 518 890 modum
578 835 641 892 et
698 849 1041 914 suppressa
1097 826 1269 892 facta
1328 835 1457 904 est,
1519 846 1772 912 semper
1822 824 2081 904 amittit,
2139 826 2279 890 voci
2320 827 2517 915 priori

249 936 470 1005 intime
522 960 765 1004 annexa
818 948 884 1005 et
920 938 1222 1028 subjecta.
1332 939 1623 1024 Suntque
1667 937 1792 1003 hae
1835 938 1923 1004 ita
1970 960 2158 1003 voces
2206 961 2245 1004 a
2281 961 2522 1002 conso·-

250 1060 473 1115 nante
521 1050 820 1140 syllabam
866 1051 1278 1138 compositam
1318 1049 1652 1118 claudente
1693 1051 2102 1141 incipientes;
2160 1075 2325 1140 quae
2368 1075 2519 1117 con-

252 1186 490 1230 sonans
554 1163 753 1229 vocali
834 1162 1086 1228 cuidam
1156 1186 1376 1230 vocem
1449 1167 1729 1255 priorem
1772 1165 2089 1231 claudenti
2143 1175 2210 1231 et
2270 1166 2518 1232 acutius

251 1276 772 1366 pronunciandae
833 1275 1222 1366 subjicienda
1267 1286 1381 1343 est.
1504 1279 1595 1345 Et
1636 1279 1924 1367 proxime
1980 1276 2235 1366 quidem
2278 1278 2404 1344 hoc
2447 1279 2522 1346 fit

252 1392 308 1457 si
342 1415 466 1457 vox
511 1391 903 1480 praecedens
958 1389 1158 1456 vocali
1209 1389 1577 1457 terminatur
1597 1441 1616 1473 ,
1676 1414 1842 1480 quae
1902 1402 2001 1459 est
2043 1391 2397 1460 terminatio
2443 1415 2521 1459 ex

252 1501 516 1589 linguae
543 1483 765 1569 ’indole
806 1505 1227 1572 usitatissima.
1314 1505 1384 1570 Si
1430 1515 1683 1587 contra,
1726 1503 1900 1593 quod
1933 1504 2128 1571 multo
2167 1515 2263 1570 est
2297 1504 2521 1584 rarius,

259 1594 946 1699 consonante'finitur,
992 1616 1220 1683 vocalis
1264 1617 1347 1683 ad
1375 1629 1859 1696 consonantem,
1904 1639 2032 1707 qua
2089 1640 2359 1705 sequens
2404 1619 2556 1683 vox>
2603 1689 2610 1696 ‚

256 1728 506 1797 orditur
547 1731 731 1817 (nam
759 1732 991 1799 vocalis
1034 1733 1115 1797 ab
1151 1732 1285 1821 ejus
1320 1732 1497 1798 initio
1542 1732 1606 1797 in
1635 1755 1802 1798 nexu
1836 1731 2143 1799 sermonis
2163 1711 2338 1795 'nulla
2369 1728 2525 1815 est),

246 1842 650 1933 jungendam
690 1845 1068 1911 assumenda
1115 1857 1245 1927 est;
1288 1855 1359 1911 ut
1395 1844 1594 1911 altera
1626 1845 1789 1911 ha'ec
1830 1845 1991 1912 ratio
2035 1844 2233 1932 priori
2279 1844 2369 1911 ita
2408 1865 2529 1932 par

260 1956 373 2037 sit,
456 1968 529 2024 ut
570 1981 821 2045 semper
869 1958 1069 2025 vocali
1118 1958 1370 2025 cuidam
1414 1959 1478 2024 in
1525 1960 1652 2024 fine
1690 1960 1861 2024 vocis
1925 1958 2152 2047 prioris
2204 1959 2526 2047 sequentis

260 2070 435 2137 vocis
494 2067 846 2138 consonans
908 2072 1292 2163 subjiciatur.
1352 2057 1363 2070 ⁸
1401 2072 1477 2139 In
1519 2074 1741 2161 paucis
1783 2083 2028 2140 tantum
2069 2072 2300 2138 vocalis
2356 2096 2401 2135 a
2450 2095 2529 2138 ex

262 2183 529 2252 articulo
577 2185 655 2249 al
697 2183 761 2250 in
804 2210 1027 2252 vocum
1070 2187 1370 2276 junctura
1416 2186 1660 2252 mansit.
1758 2186 1859 2253 Ita
1899 2189 2259 2273 quanquam
2297 2185 2530 2251 vocalis

260 2303 343 2366 ab
388 2301 559 2366 vocis
601 2300 772 2366 initio
792 2287 984 2365 ‘haud
1023 2300 1307 2379 auditur,
1349 2300 1415 2366 in
1460 2301 1772 2388 scriptura
1809 2307 2019 2366 tamen
2061 2297 2530 2387 perspicuitatis

261 2415 474 2503 gratia
517 2427 532 2492 ς
577 2424 825 2494 manet,
893 2411 1067 2501 quod
1124 2437 1250 2503 quo
1307 2414 1389 2480 ab
1450 2416 1612 2482 Aliso
1679 2437 1801 2482 ceu
1862 2414 2085 2504 spiritu
2139 2435 2284 2479 cum
2330 2411 2531 2479 vocali

259 2539 560 2596 manente
616 2526 653 2614 (
669 2525 733 2617 §.
774 2527 947 2612 134)
1003 2526 1460 2617 distinguatur,
1530 2529 1717 2616 signo
1775 2525 2125 2596 notandum
2185 2525 2532 2593 videbatur.

261 2643 337 2709 In
375 2644 655 2710 Koranis
695 2644 949 2732 cuficiS,
992 2644 1045 2710 si
1086 2643 1260 2732 quod
1309 2644 1562 2731 signum
1604 2643 1820 2725 adest,
1863 2642 2026 2710 Aliso
2068 2643 2177 2711 tali
2213 2642 2383 2710 linea
2423 2664 2532 2707 co-

262 2756 399 2822 lore
427 2758 512 2823 ob
542 2757 769 2824 hamza
806 2756 1053 2825 diverso
1098 2763 1235 2845 (est
1265 2759 1429 2824 euim
1470 2756 1703 2844 rubra)
1740 2767 1806 2824 et
1838 2757 2148 2844 positione
2182 2754 2534 2822 secundum

266 2871 551 2937 vocalem
609 2872 674 2937 in
717 2873 845 2937 fine
886 2873 1058 2939 vocis
1100 2873 1327 2961 prioris
1367 2869 1712 2959 legendam
1753 2870 2001 2952 diversa
2045 2873 2162 2959 (ex
2205 2853 2412 2959 §.783
2447 2870 2533 2935 ita

266 2985 633 3073 praeposita
680 2998 810 3066 est,
852 2998 924 3053 ut
944 2985 1178 3052 vocalis
1214 2987 1348 3076 ejus
1380 3008 1548 3074 quae
1578 3007 1705 3049 non
1732 2982 2057 3063 audiatur,
2104 2982 2316 3048 colore
2359 2981 2534 3048 viridi

253 3091 559 3181 'notetur3
604 3099 795 3187 inque
840 3098 984 3164 cdd.
1009 3100 1321 3165 Africanis
1364 3095 1644 3167 similiter
1681 3100 1907 3164 hamza
1930 3107 2076 3186 post
2110 3097 2276 3161 hanc
2308 3094 2537 3160 lineam

268 3211 498 3279 coloris
530 3223 628 3280 est
655 3236 785 3279 non
798 3214 942 3278 flavi
972 3214 1083 3302 (ut
1101 3236 1219 3302 pro
1241 3236 1391 3280 vero
1409 3213 1669 3301 hamza)
1701 3211 1829 3278 sed
1838 3209 2066 3276 viridis.
2122 3207 2198 3273 In
2225 3207 2539 3295 scriptura

266 3355 485 3412 autem
526 3327 770 3432 vulgari
810 3344 952 3411 Elis
982 3343 1108 3413 tale
1149 3345 1335 3433 signo
1375 3345 1681 3434 peculiari
1725 3358 1740 3423 ς
1787 3342 2092 3409 denotare
2142 3339 2292 3406 satis
2339 3339 2535 3405 habe-

1991 3467 2337 3500 omo-0³0

269 3543 409 3613 tur,
467 3531 536 3597 id
588 3529 764 3619 quod
815 3530 1218 3619 grammatici
1273 3531 1528 3597 nomine
1583 3461 1736 3650 «ἰδ’,
1772 3527 1871 3595 vel
1927 3511 2121 3605 Δύμῃ
2173 3519 2334 3613 3⁵5·ss
2375 3523 2538 3610 Elis

1912 3675 2067 3707 (ao-o

265 3738 363 3804 vel
407 3737 694 3803 Hamza
741 3737 1021 3801 unionis
1072 3737 1155 3803 ab
1202 3736 1368 3825 Elis
1409 3762 1466 3803 v.
1487 3736 1793 3801 Hamza
1851 3720 2029 3835 elam
2064 3734 2534 3818 separationis

266 3868 685 3966 distinxerunt
736 3837 826 3953 ι).

379 4068 442 4136 1)
480 4069 760 4136 simplicius
807 4068 859 4117 in
918 4067 1156 4119 africanis
1196 4066 1380 4117 ‘multis
1427 4064 1565 4114 linea
1614 4062 1733 4113 talis
1768 4059 1836 4111 ad
1879 4055 2097 4121 ch-lam
2132 4058 2294 4111 solam
2329 4059 2536 4125 signan-

382 4219 390 4230 ,
485 4160 605 4212 dam
659 4158 960 4227 praefigitur
1028 4171 1125 4224 pro
1172 4155 1364 4208 vocalis
1415 4152 1751 4207 intermediae
1806 4148 2224 4217 pronunciatione
2272 4149 2538 4216 positionis

485 4252 746 4313 diversae3
805 4247 986 4299 ltamza
1030 4261 1152 4298 vero
1208 4252 1398 4313 puncto
1456 4247 1588 4297 flavo
1643 4241 1713 4293 ibi
1764 4245 1963 4292 tantum
1996 4244 2202 4291 notatur
2235 4239 2326 4292 ubi
2359 4255 2479 4291 vere
2518 4227 2532 4294 l

486 4342 695 4412 spiritus
731 4340 779 4392 vi
814 4339 1034 4405 legitur3
1085 4354 1134 4389 v.
1169 4336 1294 4389 Not.
1330 4343 1385 4388 et
1416 4336 1566 4390 Extr-
1600 4334 1665 4387 T.
1690 4336 1741 4383 8.
1779 4349 1830 4400 p.
1850 4333 1973 4382 322.
