2984 4959
1046 367 1164 437 De
1230 367 1803 476 consonantibus.
2465 380 2563 451 25

286 552 512 643 paucis
569 561 816 621 tantum
865 551 1059 654 literis
1103 574 1329 618 sonum
1371 572 1558 619 suum
1601 549 2024 637 asperiorem,
2092 562 2167 621 ut
2204 553 2280 621 fit
2317 564 2567 642 tempo-

287 669 378 733 ris
432 689 817 757 progressu,
885 665 1372 746 emollientibus;
1441 662 1560 731 sed
1618 662 1980 752 diligentior
2022 667 2212 735 etiam
2254 668 2567 735 subtilior-

290 806 421 871 que
450 781 553 848 'iis
598 780 894 848 subnasci
940 780 1153 868 coepit
1192 777 1630 867 pronunciatio
1671 776 1866 844 literis
1910 778 2287 867 quibusdam
2329 779 2415 846 ad
2456 806 2567 848 vo-

291 919 402 963 ces
426 919 669 963 ,sensus
715 894 942 961 diversi
986 890 1468 980 distinguendas
1506 891 1749 957 mollius
1780 893 2143 980 asperiusve
2182 896 2566 981 pronuncia-

286 1009 371 1077 tis
388 1059 408 1090 ‚
470 1020 582 1077 aut
618 1008 1151 1099 pronunciatione
1193 1006 1498 1095 peculiari
1537 1004 1905 1072 accedente.
1989 1006 2240 1092 Estque
2283 1009 2566 1074 Arabum

288 1123 728 1212 pronunciatio
772 1122 1050 1188 omnium
1070 1171 1088 1200 ‚
1134 1143 1299 1209 quae
1340 1109 1664 1186 semiticae
1707 1119 1917 1206 stirpis
1963 1129 2143 1200 sunt,
2199 1119 2565 1208 linguarum

287 1238 564 1305 maxime
624 1237 896 1316 subtilis,
963 1234 1182 1328 fortiS‚
1239 1213 1509 1320 diligens
1554 1243 1620 1299 et
1672 1231 2002 1314 distincta,
2079 1255 2441 1321 quanquam
2500 1235 2567 1299 iu

287 1351 485 1439 vulgo
532 1350 960 1440 negligentior
1009 1347 1352 1436 duriorque
1397 1356 1462 1412 et
1508 1346 1795 1437 syriacae
1836 1347 2094 1413 similior
2119 1356 2255 1413 tum
2294 1347 2564 1436 antiqui-

287 1473 397 1530 tus
460 1463 581 1530 fuit
630 1474 767 1531 tum
819 1462 1011 1529 hodie
1067 1461 1445 1550 praesertim
1490 1459 1665 1526 facta
1703 1469 1819 1527 est.
1934 1459 2214 1528 Similem
2256 1459 2565 1526 vocalium

286 1575 603 1644 rationem
642 1600 697 1643 v.
739 1576 804 1668 ξ.
846 1580 934 1643 69
977 1601 1114 1667 sqq.

464 1797 754 1871 Quarum
809 1805 883 1861 ut
935 1795 1097 1861 ratio
1140 1794 1303 1863 inter
1345 1819 1419 1862 se
1459 1807 1679 1878 mutua
1725 1807 1790 1864 et
1828 1794 2265 1885 pronunciatio
2320 1787 2569 1862 diversa

291 1912 705 1985 observetur,
763 1907 995 1975 classes
1056 1919 1192 1975 tum
1245 1909 1308 1975 in
1348 1910 1708 1976 universum
1759 1921 1896 1976 tum
1935 1910 2000 1975 in
2042 1910 2305 1997 singulis
2349 1910 2567 1977 distin-

289 2023 595 2113 guendae
649 2035 826 2103 sunt;
890 2020 1091 2109 qualis
1150 2020 1445 2089 classium
1485 2024 1804 2090 distinctio
1846 2023 2298 2112 literarumque
2340 2024 2568 2091 valoris

291 2150 362 2205 et
417 2147 683 2204 naturae
744 2136 1102 2203 observatio
1158 2135 1429 2224 diligens
1481 2161 1601 2227 per
1660 2147 1863 2205 totam
1921 2138 2270 2204 formarum
2331 2136 2568 2205 doctri-

289 2275 442 2317 nam
478 2250 784 2340 plurimae
817 2261 915 2316 est
953 2250 1179 2337 frugis,
1263 2253 1624 2338 Potestque
1663 2250 1727 2316 in
1772 2252 2131 2317 universum
2171 2250 2432 2337 duplex
2473 2252 2568 2317 in-

291 2364 465 2430 stitui
507 2363 830 2430 literarum
864 2363 1142 2429 omnium
1189 2362 1568 2431 distributio.
1650 2365 1819 2430 Nam
1857 2365 2161 2452 primum,
2206 2389 2334 2455 quo
2374 2388 2568 2452 orga-

291 2500 522 2543 norum
577 2471 796 2542 habitu
845 2487 911 2542 et
968 2475 1379 2563 dispositione
1432 2477 1653 2543 literae
1711 2478 2118 2567 proferantur
2161 2485 2362 2567 seque*
2404 2480 2571 2545 inter

291 2590 419 2657 sint
478 2590 609 2656 sive
665 2589 995 2655 viciniores
1054 2590 1183 2656 sive
1239 2590 1616 2658 diversiores
1635 2643 1654 2672 ‚
1711 2594 1986 2682 spectari
2026 2603 2274 2681 potest;
2337 2615 2464 2681 qua
2504 2593 2568 2656 in

290 2725 367 2768 re
408 2702 570 2769 ordo
611 2703 706 2770 sic
749 2706 984 2792 optime
1035 2704 1104 2793 ¹)
1151 2706 1528 2786 instituitur,
1588 2697 1661 2773 ut
1702 2709 1783 2773 ab
1827 2719 2111 2774 extremo
2151 2705 2334 2785 inde,
2396 2704 2570 2770 unde

292 2828 713 2885 consonantes
772 2817 1159 2907 procedant,
1217 2832 1482 2906 gutture
1527 2801 1622 2886 ad
1675 2821 1843 2887 labia
1881 2843 2085 2909 usque
2125 2819 2348 2888 literae
2390 2817 2567 2884 dein-

238 3007 263 3020 „
294 2956 446 3022 ceps
506 2944 971 3010 enumerentur.
1085 2931 1220 2998 Sed
1275 2935 1356 3000 ab
1416 2934 1616 3002 altera
1657 2947 1842 3024 parte
1875 2935 2099 3002 literae
2138 2933 2198 2998 vi
2239 2955 2367 3020 qua
2411 2933 2567 2998 effe-

289 3058 519 3114 runtur
597 3057 663 3114 et
732 3045 944 3113 valore
1017 3045 1304 3116 diversae
1364 3057 1543 3127 sunt,
1612 3048 1772 3115 aliae
1837 3046 2159 3114 vocalibus
2206 3039 2566 3134 'propiores

293 3159 692 3240 diffluentes,
746 3159 1016 3228 leniores
1078 3171 1145 3227 et
1195 3159 1632 3232 imbecilliores
1651 3211 1669 3241 .‚
1729 3160 1889 3227 aliae
1930 3160 2238 3240 firmiores
2282 3171 2347 3226 et
2388 3159 2588 3247 quasi·

291 3274 662 3356 densiores3
707 3274 865 3340 aliae
908 3274 1254 3361 spiranteS‚
1303 3272 1462 3339 aliae
1506 3273 1824 3340 sibilantes
1847 3324 1867 3353 ,
1912 3272 2070 3340 aliae
2112 3285 2364 3354 mutae,
2409 3274 2569 3339 aliae

291 3412 433 3455 sum
490 3388 711 3478 spiritu
753 3386 850 3453 vel
896 3386 1073 3454 sibilo
1119 3386 1396 3454 admixto
1441 3386 1748 3475 prolatae.
1858 3388 2241 3477 Quanquam
2284 3387 2456 3454 valor
2495 3387 2566 3451 li-

289 3514 572 3571 terarum
617 3503 697 3568 ab
742 3523 1136 3588 organorum
1177 3500 1358 3567 simul
1401 3499 1813 3591 dispositione
1835 3501 2112 3591 pendet.
2217 3501 2567 3588 Utriusque

291 3614 527 3681 ordinis
615 3638 652 3680 e
736 3615 1082 3701 generibus
1155 3615 1365 3679 variae
1446 3625 1794 3680 nascuntur
1868 3616 2134 3703 species,
2275 3616 2567 3690 Quorum

288 3730 569 3795 omnium
628 3727 928 3818 deinceps
986 3725 1555 3795 describendorum
1610 3740 2054 3818 conspectum.
2085 3728 2247 3797 haec
2314 3727 2569 3796 exhibet

289 3842 542 3911 tabula:

385 4145 446 4213 1)
506 4145 561 4198 id
609 4146 720 4212 jam
767 4146 896 4199 mito
946 4144 1395 4213 grammaticorum
1441 4144 1763 4199 arabicorum
1812 4149 1867 4198 et
1912 4144 2275 4212 sanseritorum
2312 4112 2563 4197 consensu
2631 4187 2640 4194 .

502 4244 761 4313 probatur.
