2984 4959
13 203 53 902 l

14 1149 33 1264 ἡ“ι““ἰ

1255 356 1637 427 Praefatio.
2381 353 2394 358 ’
2519 377 2580 426 v

302 553 540 640 pterea
617 542 1136 640 grammaticam
1215 539 1399 612 hanc
1482 545 1821 613 criticam
1901 541 2251 614 nominavi
2268 590 2294 633 3
2389 540 2581 638 quod

305 671 568 771 ubique
643 697 882 745 omnes
954 669 1081 741 has
1132 671 1432 742 rationes
1493 672 1656 772 crisi
1719 670 1886 742 sana
1928 670 2078 769 jam
2129 696 2241 744 me
2301 693 2576 744 assecu-

305 814 459 874 tum
510 825 659 874 esse
696 802 991 873 inaniter
1016 809 1254 897 putem
1270 849 1294 893 ,
1353 799 1476 872 sed
1509 812 1590 872 ut
1629 803 1813 873 viam
1862 802 2199 899 praeirem
2218 851 2242 895 ,
2298 799 2439 898 qua
2488 798 2594 871 ad·

306 931 586 1030 linguae
619 932 1079 1030 cognitionem
1099 930 1437 1028 veriqrem
1469 933 1692 1030 magis
1725 934 2087 1031 magisque
2111 931 2574 1032 perveniatur.

307 1060 542 1135 Multa
583 1063 802 1133 serius
843 1057 1270 1132 emendanda
1322 1069 1393 1131 et
1438 1059 1752 1133 addenda
1800 1071 2027 1133 erunt.
2135 1061 2584 1157 Tantumque

309 1186 547 1282 abest,
627 1199 711 1285 ,ut
785 1189 889 1260 ill.
956 1186 1052 1259 *de
1112 1187 1420 1288 Sacyum
1440 1239 1464 1283 ‚
1554 1190 1670 1260 cui
1718 1190 1850 1262 soli
1900 1188 2045 1261 fere
2093 1189 2340 1268 laetius
2389 1187 2582 1287 quod

309 1341 500 1389 nunc
583 1319 770 1418 viget
834 1317 1188 1390 literarum
1261 1317 1512 1390 harum
1582 1319 1908 1392 studium*
1940 1318 2267 1411 debetur,
2354 1319 2624 1390 virum*

309 1473 455 1519 non
516 1444 607 1519 ob
670 1446 1023 1521 doctrinae
1088 1459 1355 1521 tantum
1423 1450 1692 1546 copiam
1756 1448 1878 1521 sed
1925 1448 2014 1522 ob
2066 1451 2277 1521 animi
2329 1448 2583 1522 cando-

311 1603 462 1648 rem
533 1577 877 1674 insignem
955 1577 1126 1649 mihi
1191 1604 1625 1676 summopere
1689 1578 2159 1651 venerandum
2173 1630 2197 1674 ,
2274 1581 2590 1652 inutilem

310 1705 387 1777 in
435 1705 880 1803 grammatica
941 1706 1066 1778 sua
1084 1757 1108 1799 ‚
1189 1733 1369 1805 quae
1420 1706 1741 1780 omnibus
1790 1707 2138 1805 prioribus
2186 1709 2405 1780 multo
2456 1708 2589 1781 fuit

313 1833 558 1907 melior
571 1885 594 1928 ‚
682 1860 962 1933 operam
1024 1827 1312 1908 navasse
1376 1848 1612 1942 putem
1630 1886 1654 1930 ‚
1739 1848 1819 1909 ut
1881 1863 2032 1909 eam
2081 1863 2211 1935 pro
2257 1838 2587 1935 temporis

249 1962 255 1966 ’
316 1989 456 2061 quo
527 1964 709 2037 edita
778 1974 883 2037 est
938 1966 1321 2039 rationibus
1375 1968 1724 2066 egregiam
1776 1966 1988 2039 fuisse
2038 1978 2107 2039 et
2150 1968 2433 2040 maximi
2484 1967 2588 2039 fa·

298 2091 631 2172 ,ciendam
677 2092 980 2166 credam.

410 2382 417 2388 '
517 2362 967 2464 Appendices
1045 2393 1205 2439 cum
1279 2364 1613 2440 addendis
1685 2379 1756 2439 et
1818 2368 2242 2468 corrigendis
2312 2343 2385 2442 in
2451 2370 2590 2443 fine

314 2496 574 2594 positos
616 2507 695 2568 ut
736 2496 1028 2569 lectores
1079 2475 1239 2568 cum
1281 2522 1488 2594 opere
1533 2495 1894 2596 diligenter
1933 2498 2299 2571 conferant
2350 2502 2582 2599 cupio.

313 2625 499 2698 Post
558 2627 925 2724 impressas
998 2628 1181 2731 enim
1244 2627 1582 2725 plurimas
1660 2630 1949 2728 paginas
2025 2628 2111 2701 de
2175 2618 2591 2728 quibusdam

317 2753 821 2827 difficilioribus
912 2755 1155 2827 melius
1231 2755 1402 2827 mihi
1481 2759 1829 2849 constitit,
1896 2758 2282 2859 ,librosque
2344 2772 2592 2834 nactus

313 2908 470 2955 sum
562 2882 898 2982 quosdam
995 2887 1304 2958 instituto
1389 2911 1545 2957 meo
1621 2886 1954 2959 utiliores.
2117 2890 2207 2960 In
2288 2889 2398 2962 his
2483 2902 2588 2964 est

313 3011 838 3084 Lumsdenii
888 3037 1064 3111 opus
1113 3010 1226 3113 ¹),
1282 3016 1681 3088 amicissimi
1730 3016 2168 3117 Redigeri
2216 3018 2577 3112 Halensis,

316 3143 447 3213 viri
496 3144 571 3214 in
639 3141 752 3214 bis
810 3141 1024 3215 literis
1087 3144 1584 3239 versatissimi,
1681 3146 1868 3217 cur-‘i
1913 3145 2248 3219 benevola
2311 3147 2584 3221 mecum

318 3272 923 3370 communicatum.
1073 3271 1152 3343 Is
1229 3272 1409 3345 liber
1486 3299 1885 3372 quanquam
1955 3276 2190 3349 naevis
2266 3277 2583 3376 pluribus

312 3399 606 3472 refertus
600 3449 647 3498 ‚
728 3410 1097 3502 systemata
1157 3412 1227 3474 et
1290 3403 1649 3500 opiniones
1713 3400 2037 3477 Arabum
2102 3409 2582 3506 grammatico-

316 3556 474 3600 rum
523 3529 779 3627 insigni
834 3527 1186 3628 diligentia
1233 3529 1601 3625 describit,
1657 3544 1737 3604 nt
1775 3536 1836 3606 si
1874 3537 2034 3633 quis
2076 3564 2160 3609 eo
2208 3537 2585 3638 prudenter

318 3661 421 3732 nti
468 3659 641 3786 sciat
657 3709 681 3753 ‚
752 3659 1046 3731 multum
1105 3659 1268 3733 inde
1316 3660 1759 3735 emolumenti
1808 3663 2171 3740 redundet.

439 4112 502 4179 1)
540 4113 587 4166 A
636 4125 894 4177 grammar
942 4110 1002 4163 of
1042 4109 1131 4164 the
1179 4112 1367 4165 Arabic
1421 4113 1709 4185 Language
1742 4147 1814 4157 -
1861 4078 2090 4171 selected
2124 4119 2257 4172 from
2291 4118 2379 4172 the
2414 4122 2585 4173 works

549 4210 613 4261 οι·
653 4210 741 4264 the
787 4217 925 4264 most
977 4226 1077 4263 em!
1063 4212 1203 4264 nent
1236 4213 1606 4279 grammarians
1642 4244 1741 4266 —.
1817 4217 2037 4269 volume
2071 4219 2212 4269 first·
2268 4215 2584 4286 comprising

549 4308 637 4361 the
669 4315 863 4377 system
896 4308 958 4361 of
985 4309 1247 4367 inflexion.
1317 4310 1400 4376 By
1437 4311 1513 4363 M.
1550 4312 1829 4366 Lumsden.
1895 4314 1971 4364 Ca
1973 4315 2134 4367 leutta
2171 4316 2502 4372 1813.X1X
2530 4316 2585 4369 et
2629 4324 2632 4327 ⁴

553 4411 659 4460 705
695 4425 782 4477 pp.
817 4409 872 4462 ἰιι
907 4408 995 4460 fol.
1066 4407 1350 4477 Exemplar
1383 4409 1498 4476 ejus
1533 4411 1584 4462 ἰιι
1621 4408 1673 4460 bi
1677 4407 1932 4463 bliotheca
1965 4411 2181 4467 Halensi
2225 4420 2319 4467 est.
