2984 4959
455 358 557 438 66
1205 356 1324 427 De
1364 354 1738 428 literarum
1787 359 1989 430 serie.

454 537 635 603 litera
686 535 786 604 vel
838 537 1143 625 expressa
1185 534 1283 602 vel
1335 534 1513 602 haud
1550 534 1826 604 indicata
1841 586 1862 618 ,
1928 536 1983 604 si
2024 557 2298 622 sequens
2340 560 2461 605 vox
2503 539 2728 628 spiritu

455 651 624 719 molli
680 663 700 730 ς
750 650 1002 739 incipit,
1071 662 1144 719 ut
1205 650 1463 718 vocalis'
1497 660 1645 717 ante
1698 651 1867 717 hanc
1907 673 2066 720 sono
2108 652 2260 719 satis
2297 652 2616 740 producto
2660 664 2728 721 et

460 821 712 879 secreto
772 805 1231 900 pronuncietur
1286 810 1409 899 (cf.
1454 811 1838 878 contrarium
1894 807 1958 900 §.
1995 811 2119 877 120
2152 775 2265 896 ὡς
2320 822 2394 880 ut
2441 797 2542 907 [μὲ
2588 781 2725 917 “1313

824 926 1164 971 ἑοῦ-ο
1300 937 1591 972 ῦ-υ-
2446 908 2480 925 ”
2646 934 2679 975 ἐ

431 982 555 1106 im
605 994 740 1075 &²5
798 986 914 1084 39l
969 983 1173 1076 godi,
1246 980 1372 1133 ξςῦἷ
1429 989 1592 1075 Μρ·
1643 995 1734 1083 ¹)

327 1172 432 1222 124
622 1135 734 1223 IV.
791 1153 898 1223 De
927 1157 1154 1247 juncto
1196 1179 1388 1226 sonoi
1391 1180 1497 1224 um
1538 1153 2012 1222 consonantium
2054 1166 2120 1224 et
2157 1155 2464 1223 vocalium
2502 1157 2729 1225 ordine

456 1268 731 1358 primum
794 1270 921 1336 hoc
988 1273 1157 1340 venit
1216 1271 1565 1340 notandum
1580 1320 1600 1350 ,
1672 1291 1874 1355 aegre
1934 1268 2208 1336 solitarie
2256 1269 2447 1336 scribi
2501 1292 2748 1366 vocem*

455 1386 586 1450 una
636 1392 883 1449 tantum
922 1382 1100 1451 litera
1143 1394 1524 1451 contentam.
1634 1382 1845 1470 Igitur
1887 1381 2155 1470 copulae
2196 1393 2264 1449 et
2308 1383 2726 1471 praepositio-

458 1518 612 1577 nes,
677 1497 734 1563 si
774 1520 900 1563 una
940 1496 1120 1564 litera
1162 1508 1487 1579 constant,
1553 1517 1807 1584 semper
1845 1494 1986 1561 voci
2025 1494 2313 1583 sequenti
2354 1495 2728 1584 praefigun-

455 1620 595 1692 tur,
670 1610 726 1678 si
782 1609 1032 1677 duabus
1052 1660 1071 1692 ,
1139 1610 1416 1678 solitarie
1473 1609 1869 1691 scribuntur3
1938 1607 2287 1697 imperativi
2329 1618 2391 1664 0
2440 1620 2560 1677 etc.
2601 1610 2726 1696 (cf.

456 1741 536 1807 1..
554 1741 678 1829 ΙΙ.)
720 1752 934 1808 tamen
976 1742 1064 1838 ita
1107 1742 1381 1831 praefigi
1420 1750 1765 1832 nequeunt,
1807 1761 2168 1829 quanquam
2203 1740 2456 1831 saepius
2481 1764 2602 1831 pro
2650 1742 2727 1808 iis

453 1842 534 1954 23·
581 1868 682 1961 (§.
703 1869 828 1958 84)
872 1873 1184 1940 scribitur.

629 2032 942 2100 Ceterum
996 2030 1313 2100 scribendi
1370 2027 1536 2096 ordo
1595 2049 1636 2094 a
1692 2025 1917 2098 dextra
1958 2021 2271 2099 sinistram
2318 2054 2536 2100 versus
2579 2056 2729 2122 pro-

458 2135 697 2216 cedens
741 2168 821 2212 ex
862 2146 1158 2235 antiquae
1201 2143 1555 2231 scripturae
1598 2131 1924 2213 semiticae
1964 2145 2177 2212 indole
2218 2147 2465 2214 mansit.
2548 2147 2729 2236 Ipsa-

459 2281 587 2348 que
629 2235 947 2326 scribendi
988 2257 1405 2348 perspicuitas
1446 2266 1522 2324 ut
1560 2258 1986 2325 vocabulum
1970 2282 2034 2325 ιιι
2073 2258 2278 2324 lineae
2311 2260 2440 2325 fine
2475 2260 2728 2328 absolu-

354 2415 358 2419 *
457 2385 595 2440 tum
651 2371 731 2439 sit
783 2371 1029 2439 suadet.
1124 2372 1338 2451 Hinc,
1381 2368 1434 2437 si
1469 2369 1727 2437 nimium
1762 2382 1862 2439 est
1905 2372 2110 2438 lineae
2155 2372 2463 2459 spatium,
2519 2373 2731 2441 litera

457 2509 601 2553 rum
663 2486 894 2555 ductus
957 2485 1303 2554 extendunt
1319 2535 1339 2565 ,
1426 2483 1480 2550 si
1534 2483 1714 2549 nimis
1769 2492 2148 2570 angustum,
2204 2485 2588 2554 contrahunt
2632 2486 2731 2553 vel

458 2601 769 2688 reliquam
848 2598 1137 2666 vocabuli
1207 2608 1457 2687 partem
1513 2597 1827 2662 inversam
1887 2594 1952 2660 in
2008 2595 2208 2664 latere
2254 2596 2353 2662 vel
2410 2617 2604 2686 supra
2657 2599 2730 2666 ii-

457 2733 645 2779 neam
711 2713 996 2778 scribunt
1061 2720 1175 2777 aut
1238 2711 1563 2797 integrum
1621 2706 1997 2774 vocabulum
2060 2731 2100 2774 a
2154 2708 2358 2776 lineae
2392 2709 2729 2800 'sequentis

458 2825 636 2892 initio
678 2835 994 2913 repetunt.
1077 2823 1550 2911 Nonnunquam
1589 2830 1803 2886 tamen
1842 2819 2216 2887 vocabulum
2246 2822 2312 2888 in
2339 2822 2498 2891 duas
2533 2825 2729 2895 lineas

460 2938 726 3008 divisum
765 2937 1248 3026 deprehendas,
1291 2936 1592 3026 imprimis
1624 2932 1688 2997 in
1722 2933 2174 3021 antiquioribus
2220 2934 2365 3002 cdd.
2398 2949 2462 3005 et
2491 2940 2728 3006 culicis.

336 3093 441 3144 125
630 3073 1011 3140 consonans
1065 3067 1131 3135 in
1190 3068 1320 3133 fine
1375 3067 1652 3158 syllabae
1696 3064 1780 3132 ad
1848 3079 2303 3135 consonantem
2357 3084 2730 3158 sequentem

442 3208 484 3253 e
524 3183 909 3275 syllabarum
955 3171 1203 3251 ratione
1254 3175 1439 3247 altius
1478 3190 1547 3248 et
1592 3179 1817 3247 fortius
1865 3179 2147 3248 auditam
2193 3178 2374 3249 allisa
2417 3206 2563 3250 cum
2606 3185 2731 3253 hac

459 3318 825 3384 congruere
906 3297 1004 3364 vel
1064 3294 1428 3363 coalescere
1490 3293 1710 3360 nititur
1723 3342 1744 3374 ‚
1834 3293 2133 3360 invitante
2195 3295 2367 3364 vocis
2432 3298 2733 3368 facilitate

458 3409 614 3538 ipsa.
713 3408 815 3476 Ita
873 3409 952 3496 l)
991 3421 1025 3476 t
1065 3430 1267 3496 aegre
1307 3417 1455 3475 ante
1496 3430 1531 3471 s
1571 3401 2062 3538 pronunciatur,
2126 3419 2199 3476 ut
2239 3409 2483 3477 mollior
2521 3415 2731 3501 potius

464 3589 659 3636 sonus
712 3577 1175 3659 praeponatur,
1231 3563 1400 3633 velut
1445 3585 1525 3632 ex
1543 3557 1686 3646 βίον
1729 3575 1796 3631 et
1836 3547 1921 3617 ⁴2⁸5
1955 3509 2223 3647 ,ju'zss
2279 3567 2450 3637 idem
2492 3569 2577 3637 de
2625 3595 2730 3640 so—

460 3731 557 3797 nis
609 3728 907 3798 similibus
944 3736 979 3780 ὁ
1041 3737 1107 3794 et
1159 3716 1213 3781 Β
1256 3724 1438 3792 valet.
1493 3756 1581 3774 —·-
1663 3722 1745 3810 2)
1786 3723 1949 3791 Post
1987 3736 2035 3807 j
2119 3727 2217 3793 sic
2296 3732 2733 3818 praepositum

460 3841 693 3911 radicis
782 3839 1097 3910 accedens
1152 3836 1365 3936 „initio
1468 3836 1535 3889 ὥ
1600 3835 1665 3902 in
1737 3843 1770 3888 ὁ
1791 3863 1809 3895 a
1897 3847 2042 3926 post
2097 3856 2189 3914 ωε
2260 3861 2315 3907 v.
2387 3839 2474 3917 ub
2538 3845 2604 3910 in
2677 3836 2733 3899 lo

462 3956 726 4039 transit,
767 3966 842 4024 ut
886 3975 1080 4023 sonus
1120 3949 1211 4019 ita
1251 3948 1589 4040 peculiaris
1633 3959 1699 4016 et
1742 3947 2075 4019 distinctus
2111 3964 2375 4023 maneat
2414 3955 2478 4021 in
2520 3956 2732 4025 litera-

461 4136 643 4195 rum,
720 4133 886 4202 quae
950 4103 1244 4179 facienda
1302 4118 1433 4189 est,
1505 4105 1847 4174 concordia
1904 4104 2005 4198 (§.
2046 4108 2151 4176 44.
2189 4111 2347 4198 52),
2402 4127 2475 4183 ut
2535 4061 2687 4219 {lg}
2711 4161 2732 4195 ‚

565 4314 628 4383 1)
679 4314 805 4366 haec
853 4314 1109 4381 scriptura
1158 4313 1210 4363 in
1253 4312 1464 4363 Korano
1501 4310 1891 4377 Petropolitano
1929 4311 2172 4376 religiose
2206 4317 2453 4364 servatur.
2526 4311 2606 4365 De
2640 4330 2731 4367 ce—

671 4404 797 4456 teris
832 4403 897 4455 cf.
939 4402 1064 4455 Not.
1102 4408 1156 4454 et
1189 4400 1342 4452 Extr.
1376 4395 1443 4450 Τ.
1474 4402 1529 4451 8.
1565 4416 1616 4466 p.
1649 4403 1758 4453 314
1795 4416 1872 4466 sq.
1924 4400 1989 4453 Τ.
2011 4403 2065 4454 9.
2103 4406 2392 4471 p.88-90.
2421 4447 2428 4454 .
