2984 4959
1031 347 1430 421 Nominum
1484 353 1759 446 stirpes.
2382 371 2529 452 139
2605 392 2609 396 ⁴

251 532 590 620 signantes·
650 531 921 598 maxime
977 525 1249 620 possunt
1316 547 1460 599 esse
1525 533 1735 599 variae
1778 534 1942 601 sieut
1989 535 2053 600 in
2097 515 2269 604 ver-bi
2311 538 2531 607 formis

248 643 483 734 §.169
500 669 633 735 sq.;
667 656 1012 735 potestque
1053 645 1136 735 2)
1169 646 1519 712 formarum
1554 646 1745 712 etiam
1767 648 2230 734 geminatarum
2252 651 2356 718 hic
2380 653 2532 720 oriri

249 760 420 827 intra
478 760 683 851 ipsam
743 759 1028 826 radicem
1086 759 1354 826 varietas
1411 782 1671 847 magna.
1767 759 1848 848 3)
1895 760 2127 829 deinde
2183 776 2531 852 augmenta

249 873 485 940 radicis
550 885 616 941 et
674 874 848 941 initio
910 883 976 941 et
1015 873 1124 938 fini
1167 871 1482 938 accedere
1524 886 1792 962 possunt
1835 886 2126 957 externa,
2200 877 2373 943 unde
2414 902 2530 944 no-

248 987 425 1072 mina
504 988 831 1054 derivata
899 986 1190 1055 oriuntur
1268 986 1478 1069 varia3
1593 990 1821 1076 quibus
1897 988 2191 1057 derivatis
2260 991 2533 1081 denique

249 1099 335 1185 4)
379 1098 632 1166 accedit
695 1100 1110 1166 diminutivi
1168 1099 1375 1184 forma
1439 1124 1609 1189 quae
1668 1126 1748 1169 ex
1813 1104 2102 1174 omnibus
2171 1106 2350 1171 nasci
2391 1117 2534 1194 pot-

254 1225 355 1281 est
412 1213 802 1294 nominibus,
888 1214 1197 1281 vocalium
1265 1215 1597 1281 mutationi
1658 1228 2109 1306 superstructa.
2235 1216 2319 1305 5)
2376 1217 2536 1285 aliae

254 1328 503 1394 formae
559 1329 911 1394 nominibus
977 1327 1371 1396 destinantur
1428 1329 1513 1396 ad
1570 1332 1746 1399 verbi
1787 1333 2016 1422 stirpes
2064 1333 2345 1421 proxime
2387 1354 2536 1421 per-

253 1440 596 1508 tinentibus
641 1463 720 1506 ex
763 1440 968 1529 iisque
1008 1441 1471 1530 prodeuntibus
1516 1443 1953 1532 (nominibus
1993 1443 2447 1533 verbalibus).

426 1649 503 1716 In
555 1652 1022 1738 signification-e
1079 1663 1293 1722 autem
1337 1651 1660 1718 nominum
1710 1649 1839 1720 duo
1883 1661 2127 1718 tantum
2171 1651 2289 1717 sibi
2334 1675 2533 1741 oppo-
2554 1676 2663 1728 237

256 1763 413 1831 sita:
473 1787 705 1831 nomen
767 1778 879 1834 aut
935 1790 1072 1833 rem
1126 1768 1364 1855 ipsam,
1424 1790 1541 1833 seu
1585 1768 1781 1833 visam
1820 1787 1937 1831 seu
1985 1764 2366 1852 cogitatam,
2425 1787 2538 1832 exa

257 1877 504 1965 primit,
571 1890 683 1946 aut
739 1903 1077 1969 personam
1128 1880 1264 1968 (vel
1317 1880 1491 1967 rem)
1551 1880 1654 1946 cui
1716 1878 1819 1944 illa
1873 1878 2203 1945 inhaereat
2262 1880 2535 1966 (nomen

255 1990 463 2074 reale3
506 1993 898 2081 personale).
980 1995 1259 2062 Nomina
1297 1994 1559 2083 propria
1599 1999 1681 2057 'ex
1725 1990 2028 2058 alterutro
2059 2004 2204 2060 sunt
2231 1991 2534 2060 deducta.

257 2105 513 2173 Nomen
573 2107 667 2173 rei
724 2106 1261 2196 (substantivum)
1315 2105 1841 2196 simplicissimum
1881 2106 2153 2193 primum
2197 2104 2536 2194 (5239);

259 2221 548 2288 oriuntur
614 2219 917 2309 deinceps
979 2203 1224 2287 formae
1280 2222 1604 2288 abstracto
1664 2221 2001 2310 propriae,
2077 2229 2188 2285 aut
2228 2218 2538 2285 vocalium

257 2335 780 2424 pronunciatione
825 2357 905 2399 ex
931 2335 1221 2421 passivo
1266 2337 1474 2402 sumta
1518 2335 1628 2424 (ut
1669 2331 1987 2398 dimissio
2026 2355 2104 2398 ex
2143 2332 2538 2418 dimissus),

259 2459 370 2515 aut
413 2449 559 2515 fem.
614 2448 1058 2517 terminatione
1115 2449 1300 2535 (nam
1352 2448 1542 2514 soem.
1585 2447 2056 2513 abstractorum
2102 2457 2198 2524 est
2239 2442 2303 2533 ἓ.
2334 2446 2538 2531 296);

255 2574 470 2651 potest
524 2573 591 2631 et
637 2574 981 2656 utrumque
1027 2543 1347 2652 conjungi.
1432 2561 1768 2628 Personae
1807 2580 2048 2640 nomen
2082 2555 2537 2648 (adjectivum)

258 2676 533 2764 primum
594 2676 1119 2765 simplicissimum
1144 2727 1163 2757 ,
1235 2674 1382 2740 dein
1460 2673 1692 2764 passivi
1759 2682 1825 2740 et
1883 2671 2069 2738 activi
2128 2669 2538 2754 discriminis3

258 2801 580 2879 postremo
656 2789 968 2879 adjectiva
1045 2789 1473 2878 comparativa
1533 2799 1597 2855 et
1666 2785 1941 2853 relativa.
2062 2783 2351 2850 Formae
2409 2778 2536 2875 q'uo

265 2904 651 2992 antiquiores
697 2916 761 2971 et
805 2905 1128 2970 breviores
1148 2954 1167 2984 ,
1216 2926 1293 2969 eo
1334 2902 1572 2970 latioris
1620 2896 2132 2989 significationiS,
2174 2920 2538 2985 quanquam

257 3017 520 3105 linguae
577 3021 658 3084 ab
699 3018 875 3086 initio
918 3016 1129 3085 statim
1171 3038 1403 3082 nomen
1441 3015 1537 3082 rei
1580 3037 1621 3081 a
1664 3013 1917 3080 nomine
1959 3034 2278 3100 personae
2321 3011 2537 3080 distin-

259 3154 468 3220 guere
510 3133 729 3199 annisa
773 3143 887 3200 est.

2518 3231 2526 3258 J

425 3377 477 3444 Ι.
526 3376 798 3465 Scir-pes
841 3374 1233 3463 simplices,
1276 3374 1408 3440 sola
1447 3372 1760 3474 vocalium
1800 3370 1966 3436 intra
2003 3368 2291 3435 radicem
2333 3369 2536 3435 varie-
2558 3397 2672 3446 238

261 3503 413 3560 tate
437 3493 612 3561 certa
654 3501 833 3558 ortae
878 3499 944 3557 et
983 3488 1349 3569 distinctae,
1419 3487 1628 3577 stirpis
1670 3461 2011 3554 verborum
2050 3484 2296 3571 primae
2335 3482 2535 3550 varia-

260 3606 534 3675 tionibus
597 3603 893 3697 (§.169)
947 3603 1250 3672 similibus
1302 3600 1497 3746 multo
1542 3609 1689 3668 sunt
1730 3598 1943 3688 plures
1988 3607 2054 3666 et
2093 3595 2536 3665 distinctiores.

261 3721 402 3787 Has
448 3720 613 3786 inter

430 3937 486 4001 1.
530 3935 737 4048 forma
779 3934 1048 4024 primam
1087 3932 1432 4002 radicalem
1474 3928 1674 3997 vocali
1731 3929 2007 3996 efferens
2067 3925 2268 3996 solam
2333 3906 2537 4009 (Ν,
2558 3944 2670 3995 239

463 4053 570 4088 §o

259 4100 410 4190 M,
467 4089 613 4199 ΔΜ)
660 4114 1116 4203 simplicissima
1160 4125 1260 4183 est
1301 4124 1367 4181 et
1392 4091 1796 4188 brevissima,
1838 4129 2024 4238 quae
2065 4104 2267 4172 radici
2309 4105 2536 4169 nomi-

262 4274 375 4339 nis
420 4283 663 4340 tantum
692 4274 960 4341 formam
1004 4287 1070 4344 et
1112 4277 1436 4343 notionem
1478 4295 1518 4337 a
1559 4271 1755 4336 verbo
1797 4257 1913 4337 3²3
1983 4264 2291 4332 diversam
2362 4259 2534 4333 indit.

235 4388 434 4455 Hinc
493 4383 970 4475 significationis
1035 4401 1132 4458 est
1182 4388 1554 4457 latissimae·
1537 4437 1556 4466 ,
1624 4380 1740 4449 sed
1784 4380 1869 4445 ob
1912 4379 2154 4446 formas
2193 4388 2531 4465 sequentes
