2984 4959
927 347 1153 420 Verbi
1203 361 1538 450 tempora
1568 336 1659 424 ⁸et
1708 358 1930 426 modi.'
2417 378 2563 448 123

278 537 515 641 serit-fe
560 559 731 647 sacy
772 559 903 625 chr.
939 568 1069 634 m,
1121 562 1180 625 6.
1225 563 1285 626 7.
1323 559 1418 640 ιν,
1467 562 1624 630 3-9.
1711 565 1915 632 Abulf.
1959 568 2030 631 A.
2071 565 2121 633 1.
2171 567 2313 651 192,
2363 554 2564 641 1-12.

293 670 386 735 Et
428 670 481 736 si
525 670 689 738 forte
734 672 1098 760 contingat,
1142 684 1214 740 ut
1259 676 1443 744 simul
1483 677 2081 768 plusquamperfecti
2123 681 2265 749 loco
2309 698 2564 773 praete-

295 839 430 895 tum
477 829 602 896 tale
646 831 1059 918 cogitandum
1102 833 1182 900 sit
1226 832 1327 923 (5.
1352 834 1517 922 202)
1539 887 1555 918 ,
1614 860 1740 902 non
1785 838 1912 904 duo
1954 843 2399 929 praefiguntur
2442 804 2562 924 (ἐξ

294 942 506 1044 (quod
547 944 869 1032 ingratum
914 947 1152 1035 esset),
1198 948 1314 1014 sed
1358 973 1396 1015 e
1438 952 1889 1018 sententiarum
1932 977 2100 1019 nexu
2138 957 2561 1047 plusquampf.

293 1059 465 1124 notio
511 1059 855 1146 cogitanda
895 1060 1298 1151 relinquitur,
1341 1074 1413 1130 ut
1453 1063 1657 1130 Abulf.
1700 1068 1772 1132 A.
1803 1065 1885 1132 H.
1920 1068 2024 1134 48.
2066 1069 2212 1135 254.
2241 1071 2388 1136 266.
2420 1072 2563 1138 190.

295 1171 534 1237 [168.
582 1175 723 1239 180.
767 1175 913 1241 204.

463 1365 523 1429 2.
566 1365 799 1432 Modus
842 1368 1178 1449 acrobatae
1239 1387 1354 1436 seu
1411 1367 1698 1456 obliquus
1758 1392 1885 1435 non
1929 1370 2125 1440 habet
2180 1374 2391 1444 locum
2452 1381 2569 1448 nisi
2587 1403 2695 1453 209

293 1476 383 1543 ita
440 1485 511 1545 ut
564 1481 851 1545 membro
913 1484 1367 1550 enunciationis
1422 1492 1600 1548 certo
1670 1481 2014 1567 subjectas
2072 1487 2151 1553 sit
2209 1492 2290 1554 ab
2354 1514 2566 1582 eoque

228 1629 235 1634 ·
294 1590 428 1658 solo
470 1590 765 1679 pendeat.
883 1596 1225 1685 Subjectus
1284 1580 1497 1662 autem
1552 1619 1804 1684 semper
1854 1608 1953 1664 est
2006 1601 2358 1687 particulae
2399 1629 2569 1693 quae

293 1707 357 1770 in
407 1706 767 1773 universum
824 1707 1012 1774 latino
1053 1721 1152 1796 ,ιιι
1196 1708 1577 1797 respondet3
1632 1720 1705 1776 ut
1748 1710 1912 1778 sieut
1954 1714 2351 1782 accusativus
2394 1727 2568 1786 tran-

294 1819 484 1886 situm
539 1829 605 1886 et
657 1832 899 1888 motum
955 1823 1049 1887 rei
1109 1823 1175 1887 in
1233 1845 1372 1888 rem
1415 1824 1708 1911 exprimit
1728 1875 1746 1906 ‚
1809 1825 1900 1891 ita
1942 1824 2105 1892 haec
2145 1828 2319 1896 modi
2364 1830 2570 1902 forma

294 1934 624 2003 transitum
684 1936 950 2003 actionis
1015 1937 1080 2001 in
1140 1958 1278 2001 rem
1323 1935 1662 2023 agendam.
1764 1940 1971 2026 Atque
2012 1938 2100 2005 ita
2142 1939 2571 2029 subjunctivi

293 2056 615 2134 notionem
655 2051 919 2144 prorsus
965 2049 1159 2116 habet
1201 2049 1408 2115 forma
1452 2051 1646 2125 haec,
1696 2074 1861 2138 quae
1904 2055 2029 2140 qua
2072 2066 2136 2122 et
2174 2081 2365 2145 quam
2397 2060 2567 2127 varia

292 2172 535 2238 'ratione
573 2170 755 2236 obvia
800 2168 911 2247 sit,
965 2166 1029 2230 in
1075 2165 1320 2255 syntaxi
1367 2186 1483 2252 per
1523 2163 1774 2251 singula
1820 2176 1919 2232 est
1960 2168 2456 2237 monstrandum.

457 2361 518 2427 3.
559 2359 792 2426 Modus
819 2354 1214 2447 g'ezmatus
1258 2357 1451 2448 (Erp.
1491 2359 1605 2424 fut.
1630 2357 2096 2445 apocopatum)
2142 2358 2345 2427 forma
2378 2372 2476 2428 est
2503 2363 2570 2430 in
2587 2392 2696 2440 210

289 2479 417 2546 fine
476 2484 804 2544 contracta
860 2484 932 2540 et-
968 2471 1338 2553 decurtata‚
1415 2495 1493 2537 ex
1539 2470 1773 2559 duplici
1816 2494 1982 2558 quac
2028 2471 2295 2540 formam
2340 2475 2568 2543 decur-

289 2602 489 2657 tatam
531 2587 808 2675 postulet
865 2590 1092 2654 causa:
1164 2587 1242 2675 l)
1287 2587 1452 2653 actio
1501 2587 1553 2652 si
1596 2577 1980 2673 tanquam-e
2022 2609 2211 2654 sensu
2256 2587 2566 2677 loquentis

289 2705 648 2772 necessario
695 2700 951 2789 agenda
993 2700 1480 2787 pronunciatur,
1510 2701 1832 2787 jussiotes
1866 2700 2084 2765 oritur.
2171 2703 2373 2792 Cujus
2403 2706 2566 2773 haec

292 2831 390 2887 est
429 2841 676 2885 summa
702 2815 852 2894 lex,
915 2825 989 2881 ut
1031 2814 1238 2880 forma
1281 2838 1322 2880 a
1362 2815 1490 2877 fine
1543 2811 1822 2900 rapidius
1867 2824 1930 2879 et
1976 2815 2223 2883 brevius
2268 2821 2565 2887 enuncie-

286 2944 427 3013 tur.‚
462 2983 465 2990 .
505 2940 698 3020 prout
750 2915 891 3016 ipse
937 2927 1217 3016 jubentis
1280 2926 1523 2991 animus
1568 2925 1977 3006 commotior,
2036 2950 2244 2996 sermo
2288 2933 2567 3020 rapidior

291 3058 407 3114 est.
488 3044 838 3129 Possisque
887 3042 1054 3105 hanc
1100 3040 1368 3105 formam
1411 3037 1811 3104 decurtatam
1867 3041 2031 3105 bene
2076 3064 2222 3108 cum
2258 3047 2568 3110 vocativo

291 3143 612 3226 nominum
668 3153 731 3246 5.
768 3155 896 3248 349
938 3174 1334 3241 comparare.
1449 3147 1525 3218 In
1570 3154 2011 3218 enunciatione
2053 3164 2265 3220 tamen
2306 3158 2569 3245 simplici

282 3275 556 3364 jussivus
599 3272 808 3337 nativo
850 3291 965 3334 suo
1008 3289 1199 3333 sensu
1242 3289 1368 3331 non
1413 3265 1750 3333 adhibetur
1803 3267 1918 3331 nisi
1963 3264 2047 3332 ad
2070 3269 2380 3334 'tertiam
2422 3294 2568 3361 per-

293 3412 549 3468 sonam,
622 3408 770 3451 cum
835 3379 1120 3449 secunda
1179 3376 1279 3469 (5.
1319 3379 1484 3468 212)
1546 3390 1610 3446 et
1663 3381 1868 3468 prima
1922 3377 2022 3469 (5.
2059 3379 2225 3467 213)
2270 3377 2423 3451 alios
2468 3412 2569 3454 se-

295 3512 571 3593 quantur
632 3496 861 3564 modos
917 3495 1071 3583 ipsis
1114 3492 1464 3581 peculiares
1511 3493 1732 3559 factos.
1834 3492 2231 3583 Semperque
2261 3496 2397 3585 jam
2438 3510 2566 3567 ter-

290 3636 418 3703 tiae
461 3653 777 3722 personae
840 3645 877 3721 Δ
917 3626 1289 3716 praefigitur
1312 3699 1319 3706 ‚
1342 3634 1415 3690 ut
1470 3622 1666 3691 Gallis
1709 3648 1878 3712 qzce3
1927 3629 2015 3693 'ut
2058 3597 2229 3724 52:15
2268 3626 2567 3738 faciat(

291 3794 427 3862 Sed
458 3788 1006 3881 frequentissimus
1051 3796 1150 3853 est
1193 3783 1326 3873 ejus
1368 3785 1431 3850 in
1464 3767 2006 3852 enunciationibus
2041 3785 2564 3860 conditionalibus

290 3930 442 3974 usus
456 3881 776 3973 *omnibus
818 3901 1104 3991 personis
1151 3899 1515 3965 communis.
1624 3887 1864 3968 Subest
1911 3900 2076 3967 enim
2125 3901 2261 3981 hic,
2319 3904 2372 3969 si
2413 3906 2564 3993 quid

238 4067 239 4074 κ
293 4043 372 4087 ex
410 4018 745 4109 hypothesi
790 4016 1092 4094 sumitur,
1140 4035 1362 4079 revera
1395 4014 1671 4102 jussivus
1716 4013 2009 4102 quidam,
2054 4039 2180 4103 quo
2226 4018 2380 4105 quid
2421 4043 2563 4088 esse

292 4156 411 4201 seu
453 4131 721 4219 cogitari
754 4140 819 4196 et
861 4131 1021 4198 sumi
1055 4130 1349 4220 jubetur,
1413 4128 1693 4216 quamvis
1738 4150 1866 4193 non
1908 4127 2018 4211 sit,
2077 4141 2151 4197 ut
2195 4129 2564 4218 loquatur!

291 4245 739 4334 respondeam
783 4244 821 4309 i.
862 4270 917 4312 e.
964 4246 1257 4312 faceum
1298 4244 1500 4332 loqui,
1541 4256 1677 4311 tum
1718 4244 2162 4332 respondebo;
2204 4267 2319 4310 seu
2361 4245 2426 4309 si
2456 4245 2563 4311 lo-

291 4370 555 4448 quatur
592 4360 1020 4446 respondebo.
1109 4353 1244 4427 S'ed
1287 4356 1370 4424 de
1413 4358 1507 4424 his
1551 4357 1715 4424 infra
1762 4357 2164 4426 enucleatIuS.
2235 4356 2352 4440 .2)
2398 4379 2560 4425 sem-
