2984 4959
603 331 719 400 De
771 328 1146 401 nominum
1192 327 1536 424 junctura
1584 340 1657 398 et
1703 328 2192 399 declinatione.
2390 342 2545 412 217

1201 528 1234 562 0
2170 532 2175 536 .

275 590 723 657 nominativum
793 600 974 656 notat
1030 596 1096 654 ct
1141 558 1313 696 95:22-
1351 609 1592 673 casum⁴
1615 586 1937 673 obliquum
1980 585 2104 674 (de
2145 588 2172 650 i
2220 585 2287 652 in
2329 588 2544 666 ultima

279 745 333 786 v.
374 719 439 811 ς.
477 721 637 808 156)
691 721 779 807 τ)

450 940 588 1008 Sed
640 941 796 1033 huic
840 962 959 1028 pro
1004 939 1255 1006 casibus
1299 938 1561 1006 diversis
1605 939 1911 1007 vocalium
1955 941 2280 1010 variationi
2323 966 2544 1010 acces-
2571 966 2678 1014 335

280 1058 360 1124 sit
400 1056 717 1123 distinctio
765 1054 1220 1151 terminationis
1265 1053 1595 1118 nominum.
1617 1053 1964 1139 plenioris
2007 1068 2072 1122 et
2124 1058 2546 1121 contractio-

282 1173 403 1236 ris,
502 1171 637 1235 Pro
672 1168 975 1257 junctura
1020 1166 1187 1234 enim
1228 1167 1398 1232 varia
1439 1189 1671 1231 nomen
1714 1178 1824 1233 aut
1862 1167 2107 1256 plenius
2153 1181 2221 1238 et
2257 1171 2546 1236 sonorius

282 1296 392 1352 aut
448 1281 697 1348 brevius
756 1291 823 1346 et
880 1281 1265 1348 contractius
1321 1281 1386 1346 in
1428 1280 1557 1345 fine
1597 1281 2001 1367 pronunciari
2040 1294 2286 1372 potest3
2355 1283 2550 1372 idque

282 1396 531 1462 duabus
577 1416 659 1459 ex
698 1392 903 1459 causis
944 1393 1204 1459 diversis
1247 1415 1454 1480 neque
1492 1392 1665 1459 idem
1703 1415 1963 1482 prorsus
2008 1398 2461 1464 efficientibus:

450 1507 527 1592 1)
571 1528 805 1572 nomon
847 1506 911 1570 in
942 1516 1113 1574 statu
1148 1508 1517 1574 constructo
1548 1509 1732 1594 (ante
1755 1509 2135 1596 genitivum)
2168 1511 2250 1575 ob
2279 1511 2551 1578 celerem

284 1621 367 1689 ad
414 1621 943 1711 complementum
985 1620 1416 1686 necessarium
1458 1622 1793 1688 transitum
1835 1622 2115 1711 rapidius
2173 1625 2552 1710 pronuncie-

284 1748 388 1803 tur
430 1757 694 1801 necesse
733 1743 833 1801 est
875 1732 937 1825 §.
966 1734 1111 1800 330.
1201 1734 1388 1808 Quae
1429 1734 1711 1823 rapidior
1748 1732 2185 1824 pronunciatio
2224 1738 2288 1802 in
2326 1739 2555 1804 ceteris
2576 1795 2600 1828 „-

285 1849 542 1940 quidem
616 1848 847 1936 linguis
909 1847 1205 1914 semiticis
1265 1851 1540 1935 magnas
1605 1861 1820 1916 movet
1883 1860 1950 1917 et
2008 1847 2414 1918 difficultates
2491 1865 2559 1920 et

286 1963 701 2044 mutationes3
761 1962 825 2027 in
875 1961 1204 2027 Arabismo
1248 1962 1332 2026 ob
1380 1961 1688 2027 vocalium
1732 1964 2150 2030 constantiam
2194 1975 2258 2031 et
2301 1966 2558 2032 uberta-

199 2066 210 2073 *
289 2090 416 2145 tem
459 2076 568 2141 uni
606 2077 741 2163 legi
786 2074 1330 2141 constantissimae
1373 2084 1439 2142 et
1479 2074 1808 2141 facillimae
1855 2078 2268 2165 obtemperat.
2387 2079 2560 2146 Nam

289 2193 352 2258 in
395 2187 942 2258 terminationibus
986 2185 1066 2273 pl.
1106 2210 1261 2253 msc.
1306 2198 1372 2253 et
1414 2185 1520 2252 du.
1568 2225 1620 2273 ω
1668 2186 1873 2253 debile
1918 2200 2065 2276 post
2106 2191 2384 2258 vocalem
2424 2192 2560 2259 lon-

291 2327 445 2392 gam
521 2303 610 2369 ita
666 2302 730 2366 in
798 2309 940 2366 stat.
1010 2310 1240 2366 constr.
1311 2299 1549 2367 excidit
1567 2350 1586 2380 ‚
1685 2311 1756 2367 ut
1817 2300 2057 2390 reliqua
2128 2326 2249 2369 vox
2308 2305 2563 2395 integra

292 2428 563 2486 maneat.
660 2415 736 2481 In
800 2412 1051 2501 reliquis
1077 2463 1095 2494 ‚
1164 2435 1328 2519 (ulae
1386 2412 1618 2481 vocalis
1663 2437 1924 2481 casuum
1968 2417 2376 2486 mutationem
2416 2433 2564 2510 post

291 2533 572 2600 ultimam
612 2530 858 2595 literam
898 2526 1170 2608 habent,
1214 2526 1379 2592 haec
1420 2527 1651 2593 vocalis
1695 2528 1747 2594 si
1789 2552 1911 2596 vox
1951 2552 2069 2617 per
2111 2555 2183 2598 se
2225 2545 2384 2616 stat,
2428 2535 2562 2623 plc-

292 2648 431 2713 nius
499 2654 565 2710 et
623 2641 913 2709 sonorius
972 2662 1121 2706 cum
1178 2664 1337 2707 sono
1397 2641 1592 2706 nasali
1634 2643 1983 2731 postposito
2028 2669 2142 2712 seu
2182 2650 2566 2715 manatione

294 2758 396 2849 (ξ.
431 2757 556 2843 81)
600 2756 897 2836 effertur3
958 2754 1066 2841 qui
1105 2754 1243 2842 ipse
1288 2753 1470 2821 deest
1511 2756 1576 2821 in
1619 2767 1785 2824 statu
1831 2769 2232 2842 construct03
2291 2771 2362 2828 ut
2397 2773 2565 2828 no'm.

291 2892 395 2944 ἄη,
430 2872 496 2937 in
536 2881 611 2937 st.
647 2893 700 2935 c.
744 2889 798 2938 ἅ.
918 2868 1103 2942 Quae
1145 2868 1457 2935 levissima
1501 2881 1580 2962 et·
1612 2873 2117 2941 constantissima
2154 2877 2420 2943 mutatio
2463 2897 2565 2942 re-

293 2984 529 3073 liquam
570 3005 794 3051 vocem
830 2981 1134 3048 intactam
1180 2981 1340 3049 sinit.

1006 3190 1086 3223 One

464 3252 544 3341 2)
589 3249 939 3317 articulus
1000 3239 1060 3316 M
1119 3250 1352 3317 nomini
1416 3253 1519 3318 cui
1577 3252 1991 3342 praeponitur
2053 3264 2184 3321 tam
2241 3267 2418 3324 arcte
2474 3257 2569 3323 in·
2593 3289 2702 3338 336

297 3367 522 3431 haeret
580 3376 653 3431 ut
712 3364 845 3430 toni
907 3373 1154 3451 partem
1210 3363 1274 3428 in
1329 3387 1402 3430 se
1442 3366 1654 3433 trahat
1707 3378 1772 3434 ct
1814 3369 1896 3432 ob
1939 3381 2355 3456 augmentum
2393 3372 2568 3440 initio

299 3476 618 3546 accedens
674 3476 816 3542 finis
881 3478 1053 3544 vocis
1096 3477 1365 3545 vicissim
1409 3481 1660 3545 brevius
1703 3491 1770 3548 et
1803 3480 1996 3547 levius
2042 3496 2258 3566 sonet;
2320 3486 2573 3554 accedit

300 3591 475 3681 quod
536 3613 767 3656 nomen
824 3590 1090 3659 articulo
1145 3592 1427 3681 junctum
1485 3617 1605 3683 per
1645 3618 1717 3661 sc
1759 3617 1884 3660 non
1925 3593 2090 3661 adeo
2136 3595 2415 3662 solitarie
2454 3621 2570 3685 pc-

303 3707 472 3772 nitur
513 3727 705 3793 quam
749 3725 828 3769 eo
856 3726 1140 3772 vacuum.
1223 3707 1402 3772 Hinc
1442 3708 1671 3775 codem
1715 3731 1844 3797 quo
1885 3710 1950 3775 in
1990 3704 2068 3776 st.
2103 3721 2338 3791 const„
2379 3710 2573 3779 modo

413 3987 472 4055 1)
523 3987 773 4041 dialectos
824 3996 880 4042 et
927 3992 1154 4058 liugnam
1201 3993 1431 4045 Arabum
1483 3992 1749 4057 vulgarem
1794 3990 2110 4058 comparanti
2159 3996 2332 4056 patet,
2391 3993 2443 4043 in
2495 3992 2574 4047 his

515 4083 748 4134 omnibus
800 4085 1095 4136 nominativi
1146 4085 1623 4153 pronunciationem
1672 4097 1784 4133 esse
1838 4095 2019 4132 novam
2057 4087 2109 4131 et
2144 4074 2325 4133 sedulo
2360 4082 2571 4136 distinc-

518 4179 637 4224 tam.
726 4173 858 4225 Nam
910 4177 958 4226 in
1009 4179 1075 4243 pi.
1127 4193 1251 4229 msc.
1287 4177 1343 4228 in
1380 4175 1509 4243 (im)
1550 4180 1630 4226 est
1664 4173 1956 4224 terminatio
1991 4171 2131 4225 hebr.
2171 4190 2328 4226 aram.
2367 4180 2421 4226 et
2456 4192 2571 4228 ara—

514 4265 666 4316 bismi
714 4265 969 4329 vulgum
1024 4267 1075 4318 in
1125 4265 1208 4317 du.
1248 4267 1480 4322 similiter
1517 4265 1624 4317 ain.
1721 4264 1778 4316 ln
1817 4279 1893 4330 ag.
1933 4263 2126 4316 vocalis
2165 4264 2397 4330 proxima
2436 4270 2578 4316 esset

520 4356 557 4406 ἄ
591 4359 640 4421 5.
667 4360 752 4406 71.
