2984 4959
362 1756 433 1803 75

488 424 584 491 42
1343 404 1458 475 De
1521 409 1898 480 vocalibus,
2310 409 2316 420 '
2441 420 2447 426 '
2687 445 2716 454 ἡ

488 594 803 660 constanti
817 617 842 674 ;,
896 614 1042 658 nam
1097 587 1403 654 nonnullis
1460 590 1526 654 in
1591 590 1775 656 terris
1836 589 2131 657 fortiores
2197 590 2444 658 vocales
2508 613 2761 657 manse·

468 719 635 773 -runt
682 706 771 792 ¹).
909 705 1175 770 Plebem
1237 705 1579 792 antiquitus
1634 725 1891 791 quoque
1957 702 2217 770 similem
2272 715 2557 772 secutam
2615 727 2763 771 esse

484 818 1073 912 pronunciationem
1134 818 1423 885 lubenter
1484 816 1752 883 concedi
1812 826 2060 905 potest;
2129 828 2196 885 at
2236 815 2405 888 hane
2449 816 2760 882 vocalium

482 932 839 1011 mollitiem,
918 931 1435 1011 fluctuationem,
1509 930 1947 996 confusionem
2003 953 2132 999 non
2187 952 2265 994 ex
2330 929 2582 1015 origine
2641 927 2757 993 ad-

483 1046 682 1112 fuisse
734 1069 852 1111 nec
894 1044 1134 1134 puriori
1170 1043 1428 1133 linguae
1471 1042 1590 1111 sed
1632 1045 1899 1132 lapsanti
1942 1055 2007 1111 et
2053 1041 2276 1110 seriori
2323 1039 2576 1121 deberi,
2640 1042 2757 1107 nisi

480 1182 583 1226 res
626 1161 765 1248 ipsa
807 1159 1100 1239 doceret,
1167 1158 1395 1225 exinde
1434 1158 1911 1245 satis-pateret,
1970 1157 2144 1245 quod
2190 1153 2497 1220 vocalium
2539 1154 2755 1241 signo-

479 1287 625 1340 mm
664 1285 730 1340 et
770 1272 1043 1342 inventio
1089 1285 1155 1340 et
1200 1271 1512 1360 perfectio
1558 1294 1802 1338 summa
1846 1271 2012 1338 intra
2052 1272 2175 1338 tria
2217 1271 2404 1358 signa
2444 1268 2755 1348 substitit;

479 1410 627 1453 nam
668 1386 765 1453 vel
806 1388 871 1452 in
913 1386 1323 1453 exactissimis
1363 1385 1613 1451 Korani
1656 1383 1984 1453 codicibus
2027 1407 2154 1454 non
2197 1381 2428 1450 adsunt
2463 1380 2581 1447 nisi
2611 1381 2755 1460 tria,

480 1501 565 1567 ad
607 1523 797 1571 sonos
853 1524 902 1566 a
944 1503 1063 1566 iu
1105 1496 1416 1570 notandos
1464 1496 1558 1588 ²).

646 1740 823 1808 'Palis
867 1762 1011 1808 cum
1057 1709 1136 1804 sit
1183 1736 1494 1806 vocalium
1535 1736 1939 1804 arabicarum
1975 1735 2137 1807 ratio
2155 1784 2173 1815 ‚
2218 1730 2559 1801 videndum
2590 1732 2751 1822 jam,

477 1853 800 1943 quomodo
862 1854 926 1917 in
980 1850 1296 1939 scriptura
1351 1848 1752 1920 denotentur.
1852 1849 1944 1914 Et
1984 1848 2089 1914 hic
2132 1846 2389 1936 quidem
2444 1870 2524 1912 ex
2558 1841 2621 1933 §.
2665 1846 2750 1910 21

370 1995 377 2002 ·
473 1965 833 2032 meminisse
872 1964 1054 2053 juvat
1070 2015 1086 2044 ‚
1148 1962 1461 2030 vocalium
1505 1961 2010 2030 denotandamm
2052 1963 2500 2028 necessitatem
2540 1962 2753 2050 primi-

473 2091 578 2146 tus
631 2079 836 2144 minus
893 2101 1036 2144 esse
1094 2099 1344 2143 sensam
1398 2099 1610 2165 neque
1670 2099 1815 2142 esse
1875 2074 2087 2143 literas
2144 2075 2465 2142 vocalibus
2509 2085 2756 2142 tantum

474 2192 800 2278 signandis
842 2190 1249 2259 inservientes
1293 2191 1595 2262 inventas.
1703 2189 1934 2277 Neque
1975 2199 2187 2269 erant,
2243 2187 2410 2277 quae
2453 2186 2537 2254 ad
2581 2188 2755 2253 hunc

392 2301 395 2304 ’
472 2330 659 2372 usum
702 2306 888 2372 facile
931 2304 1179 2373 traduci
1220 2315 1514 2393 possent,
1577 2303 1839 2383 literae,
1878 2302 1994 2374 nisi
2021 2337 2064 2382 ,9
2114 2312 2180 2371 et
2222 2314 2278 2376 s?
2320 2304 2752 2385 semivocales,

473 2443 741 2509 quarum
809 2407 1007 2488 sonus
1081 2430 1307 2485 natura
1373 2440 1504 2485 sua
1572 2416 1737 2483 inter
1810 2414 2250 2485 semivocalem
2324 2428 2391 2488 et
2467 2420 2754 2488 vocalem

471 2539 740 2603 fluctuat
786 2537 874 2607 cfq
912 2534 975 2625 ἕ.
1016 2536 1121 2600 58.
1226 2533 1506 2620 Haeque
1544 2529 1897 2610 Hebraeis,
1939 2541 2013 2596 ut
2058 2540 2343 2610 constat,
2387 2534 2643 2619 parcius
2687 2546 2758 2600 et

473 2639 928 2716 inconstantius
985 2647 1092 2733 ³),
1161 2646 1341 2744 Syris
1411 2635 1626 2713 autem
1688 2642 2167 2731 Arabibusque‚
2246 2645 2559 2733 scriptura
2612 2648 2755 2741 ipso

476 2763 779 2851 temporis
833 2782 1186 2851 progressu
1242 2780 1491 2845 usuque
1560 2755 1974 2845 frequentiori
2038 2755 2411 2830 dilucidiore
2476 2773 2542 2836 et
2599 2786 2755 2834 con..
2849 2804 2856 2810 -

506 3156 513 3162 '
578 3152 643 3218 1]
695 3150 818 3216 Syri
852 3165 888 3198 a
924 3153 983 3200 et
1014 3145 1068 3212 Υ,
1111 3150 1148 3199 ὓ
1182 3146 1237 3198 in
1263 3147 1368 3199 fine
1392 3161 1578 3201 vocum
1612 3161 1819 3216 semper
1853 3147 2079 3201 retinere
2114 3143 2368 3202 dicuntur.

579 3298 644 3365 2)
684 3295 800 3348 hinc
845 3295 1025 3347 nescio-
1068 3306 1236 3344 annon
1286 3307 1445 3344 vanus
1493 3292 1563 3343 sit
1606 3307 1786 3345 eorum
1821 3293 2041 3357 clamor,
2092 3292 2186 3359 qui-
2215 3291 2402 3343 Fatlza
2437 3309 2484 3345 v.
2523 3309 2567 3346 c.
2606 3309 2745 3347 sem-

685 3410 780 3464 per
828 3409 933 3462 per
960 3421 963 3426 ι
986 3409 1014 3441 e
1062 3383 1502 3461 pronunciandum
1552 3406 1666 3445 esse
1716 3392 1907 3443 volunt.
1939 3407 1942 3412 ⁴
2018 3392 2126 3449 Qui
2174 3390 2380 3458 quidem
2395 3429 2413 3456 ,
2463 3392 2749 3450 Turcarum

685 3485 1015 3559 Arabumque
1076 3491 1441 3572 recentiorum⁴
1488 3490 1992 3559 pronunciationem,
2090 3506 2244 3558 quam
2315 3493 2625 3561 primitivam
2698 3500 2752 3545 et

688 3593 894 3646 omnino
957 3591 1216 3657 antiquam
1277 3597 1331 3644 et
1377 3605 1552 3668 veram
1606 3605 1722 3645 esse
1761 3607 1916 3668 nemo
1970 3590 2192 3655 dixerit,
2263 3592 2424 3650 solam
2473 3597 2752 3659 sequentes
2841 3619 2852 3630 x

686 3693 775 3746 vix
825 3690 891 3743 de
943 3690 1142 3756 origine
1196 3690 1459 3760 totiusque
1510 3691 1819 3760 quaestionis
1867 3689 1920 3744 vi
1952 3683 2225 3759 {cogitasse
2260 3691 2509 3745 videntur.
2621 3690 2751 3742 Mihi

688 3796 831 3845 certe
880 3792 927 3844 si
972 3796 1109 3855 treS,
1176 3806 1305 3860 quas
1358 3790 1679 3857 grammatici
1727 3791 2042 3863 scripserunt
2061 3828 2076 3854 ‚
2140 3792 2347 3844 vocales
2406 3809 2443 3841 a
2478 3792 2500 3842 i
2536 3810 2573 3841 ιι
2628 3808 2751 3861 pro-

687 3892 1016 3955 nunciamus,
1078 3904 1173 3940 nos
1234 3890 1648 3958 pronunciationi
1696 3905 1855 3957 purae
1905 3897 1960 3942 et
2006 3890 2246 3957 antiquae
2309 3894 2543 3961 proxime
2603 3908 2753 3945 acce-

690 3990 815 4042 dere
850 4005 1151 4057 persuasum
1188 3995 1298 4052 est3
1350 3984 1611 4055 uolimque
1647 3989 1828 4042 Fatb'a
1862 3992 2054 4058 ubique
2092 4007 2187 4059 per
2219 4009 2248 4039 e
2286 3991 2472 4043 efferre
2505 3993 2601 4044 nisi
2638 3993 2755 4044 lite-

690 4106 781 4141 rae
816 4089 1037 4142 molliori
1071 4090 1377 4158 appositum.
1471 4091 1664 4143 Similis
1714 4090 1916 4143 omnino
1954 4093 2021 4143 de
2054 4090 2304 4143 sanserit&
2338 4092 2757 4158 pronunciatione

690 4194 773 4241 est
824 4190 1059 4256 quaestio
1108 4197 1162 4241 et
1211 4190 1274 4242 lis
1329 4206 1398 4243 ex
1446 4181 1671 4243 confusis
1720 4191 2036 4260 temporibus
2089 4189 2325 4258 haudque
2362 4193 2647 4261 perspectis
2681 4193 2757 4244 rei

689 4269 847 4357 ipsius
882 4288 1083 4364 legibus
1121 4297 1247 4344 orta.

587 4432 650 4498 3)
689 4429 753 4483 cf.
789 4445 866 4497 gr.
906 4430 1046 4484 hebr.
1087 4448 1157 4484 cr.
1198 4450 1247 4501 p,
1283 4436 1355 4484 82
1390 4449 1501 4502 sqq.

1519 4530 1526 4558 s
