2984 4959
690 281 806 352 De
857 281 1403 376 particularum‘
1431 279 1671 351 forma
1721 289 1802 351 ae
1855 246 2171 351 notione.
2422 294 2573 368 327
2609 284 2610 287 ¹

463 466 715 530 Harum
757 463 844 529 de
888 440 1139 549 origine
1182 463 1235 528 si
1279 464 1678 550 quaeritur,'
1709 462 1942 552 duplex
2005 462 2305 531 cernitur.
2406 466 2572 532 Mul·
2594 479 2702 530 450

287 590 399 671 tae
442 601 631 645 voces
688 588 834 646 sunt
874 577 1255 666 primitivae,
1323 599 1530 667 neque
1576 602 1651 645 ex
1695 578 1932 645 radice·
1961 580 2320 667 antiquiore
2363 602 2574 670 neque

289 716 372 758 ex
440 692 820 822 formarum,
902 716 1060 781 quas
1132 692 1322 758 flexio
1390 694 1683 780 perfecta
1738 694 1897 773 fert,
1990 693 2175 780 copia
2233 691 2571 761 derivatae.

291 931 582 987 servatae
653 942 859 1013 eoque
921 930 1102 987 ortae
1156 860 1446 1010 tempore
1502 944 1629 1009 quo
1689 921 1883 987 flexio
1943 919 2145 987 omnis
2187 944 2415 1008 parum
2462 944 2571 988 ex·-

288 1033 461 1100 culta
519 1045 704 1100 esset.
821 1034 969 1108 Quo
1026 1036 1345 1126 pertinent
1403 1046 1540 1102 tum
1582 1035 2091 1124 interjectionum
2139 1047 2206 1102 et
2247 1036 2571 1124 pronomi-

286 1168 476 1229 num,
533 1149 627 1215 uti
682 1148 1131 1238 particularum
1200 1170 1367 1238 quae
1431 1150 1582 1216 hinc
1625 1149 1950 1216 derivatae
1996 1161 2143 1217 sunt
2183 1149 2573 1237 reliquarum
2664 1143 2672 1151 ”

289 1264 512 1351 copia;
581 1273 717 1329 tum
775 1285 926 1329 vero
992 1263 1181 1331 etiam
1238 1263 1527 1345 radiceS,
1612 1287 1779 1353 quae
1821 1265 1900 1348 ¹in
1942 1263 2172 1351 stirpes
2216 1286 2331 1329 seu
2376 1266 2571 1330 verba

287 1388 357 1444 et
412 1378 665 1443 nomina
730 1387 841 1444 aut
885 1400 1033 1444 vere
1072 1379 1364 1446 ¹abierunt
1407 1389 1518 1445 aut
1563 1380 1617 1445 si
1660 1380 1790 1445 sors
1834 1377 2081 1445 tulisset
2122 1378 2300 1443 abire
2343 1388 2570 1465 potue-‘-
2609 1358 2616 1365 ⁰

284 1503 465 1574 rant,
528 1493 705 1582 ipsae
762 1489 936 1559 haud
994 1503 1276 1586 mutatae
1318 1493 1771 1581 particularum
1813 1492 2073 1560 notione
2115 1500 2439 1577 servatae,
2500 1501 2571 1560 ut

285 1675 376 1758 «ἒς
441 1678 624 1747 radix
690 1680 1011 1747 notionem
1066 1654 1276 1748 motus
1335 1703 1555 1748 versus
1600 1680 1796 1748 altum
1839 1680 2195 1769 exprimens
2237 1665 2567 1769 praeposi}

284 1793 471 1861 tionis
516 1795 631 1862 ἐπί
669 1817 861 1860 sensu
901 1794 1147 1860 mansit.
1236 1793 1372 1860 Sed
1415 1793 1575 1859 aliae
1618 1817 1696 1858 ex
1737 1793 1887 1882 ipsis
1930 1793 2190 1881 linguae
2234 1794 2453 1859 formis
2502 1805 2569 1860 et
2615 1880 2620 1885 ἱ

283 1909 556 1977 vocibus
588 1908 887 1988 excultiS,
928 1894 1283 1998 nominibus
1328 1909 1638 1991 maxime,
1684 1918 1897 1974 ortum
1941 1909 2224 1990 ducunt,
2268 1929 2567 1996 praeser-

284 2023 395 2090 tim
441 2023 493 2089 si
536 2046 703 2112 quae
748 2043 868 2086 vox
923 2023 1454 2108 significationem
1513 2023 1866 2112 principem
1922 2023 2321 2111 liberumque
2376 2044 2565 2089 usum

285 2158 525 2204 exuens
591 2134 913 2223 frequenti
970 2157 1092 2201 usu
1143 2135 1208 2200 in
1264 2135 1613 2223 particulae
1668 2136 1997 2219 notionem
2053 2136 2209 2204 abiit
2272 2145 2568 2204 constan-

657 2263 690 2294 Ω
708 2279 733 2295 μ
751 2277 776 2292 α

287 2296 452 2403 tem,
542 2329 614 2387 ut
670 2333 779 2418 5³0
838 2321 1023 2387 imo!

452 2574 616 2641 Fert
675 2573 804 2640 hoc
849 2594 1077 2639 vocum
1124 2597 1276 2653 usus
1322 2574 1510 2664 hujus
1556 2586 1749 2663 atque
1815 2576 2243 2666 etymologiae
2285 2578 2572 2647 incertae
2592 2599 2695 2649 451
2793 2638 2800 2645 ,.

284 2697 546 2767 natura,
620 2698 693 2754 ut
738 2686 943 2774 magis
987 2688 1326 2776 magisque
1369 2688 1574 2753 deteri
1618 2699 1687 2757 et
1724 2687 2043 2757 decurtari
2085 2691 2347 2778 possint.
2456 2694 2566 2760 At-

285 2823 413 2893 que
468 2800 557 2866 ita
617 2801 966 2886 particulae
1024 2800 1261 2868 multae
1282 2853 1300 2882 ,
1376 2804 1883 2890 praepositiones
1952 2805 2258 2885 maxime,
2335 2780 2566 2877 multas

285 2908 614 2987 subierunt
654 2916 1051 2983 mutationes.
1146 2915 1328 2996 Alia,
1385 2917 1852 3006 interjectiones
1902 2917 2083 2999 dico,
2148 2941 2267 3010 per
2293 2941 2378 3009 ¹se
2421 2921 2565 2985 bre-

283 3029 553 3094 vissima.
656 3028 902 3103 Quodsi
963 3026 1087 3093 ulla
1147 3051 1225 3093 ex
1290 3053 1484 3097 causa
1526 3031 1837 3119 particula
1880 3030 2107 3099 sonum
2152 3054 2278 3097 una
2319 3043 2564 3100 tantum

284 3142 463 3211 litera
502 3140 985 3230 exprimendum
1033 3143 1317 3233 continet
1331 3189 1352 3222 ,
1396 3146 1539 3210 voci
1579 3146 1874 3234 sequenti
1916 3144 2346 3234 praefigenda
2389 3156 2488 3249 est
2527 3166 2565 3212 e

284 3256 638 3345 scripturae
678 3256 825 3344 lege
869 3266 1200 3367 constante
1243 3254 1346 3347 (§.
1366 3257 1569 3350 124).

457 3510 627 3576 Cum
690 3508 797 3575 hic
820 3507 1060 3587 ,forma
1128 3508 1525 3601 potissimum
1581 3508 2033 3598 particularum
2075 3511 2564 3585 ,consideranda
2584 3536 2691 3587 452

285 3625 427 3719 sit,
457 3622 756 3688 uberiore
798 3620 881 3686 de
922 3620 1130 3688 multis
1182 3621 1611 3711 disputatione
1651 3623 1897 3711 syntaxi
1938 3627 2296 3706 reservata,
2356 3627 2563 3693 brevi-

285 3747 380 3805 ter
422 3758 591 3802 nunc
635 3734 718 3801 de
763 3756 983 3801 earum
1028 3735 1331 3813 classibus
1376 3748 1440 3805 et
1482 3738 1709 3803 natura
1751 3759 1952 3826 agere
1984 3737 2238 3826 placet„
2302 3738 2559 3809 Classes

285 3861 493 3917 autem
551 3848 994 3935 distinguimus
1038 3858 1205 3918 tres:
1261 3851 1720 3939 pronomina,
1772 3849 2174 3938 particulas
2216 3836 2559 3915 orationis

282 3958 673 4043 contextae,
714 3985 843 4050 quo
884 3964 1220 4046 adverbia,
1257 3964 1759 4055 praepositiones
1806 3972 1872 4029 et
1904 3962 2378 4053 conjunctiones
2409 3966 2586 4053 per-'

283 4074 513 4155 tinent,
585 4072 861 4165 denique
925 4054 1439 4166 interjectiones
1502 4078 1984 4166 locutionesque
2044 4100 2141 4159 ex,
2180 4100 2401 4146 earum
2463 4078 2557 4143 in·-

285 4186 427 4253 dole
477 4199 821 4258 manantes.
