2984 4959
622 296 737 369 De
790 300 1169 368 nominum
1219 292 1562 390 junctura
1611 306 1683 364 et
1736 276 2265 367 declinationes
2414 305 2558 376 215

287 483 488 548 cimus
549 481 615 546 in
673 491 869 545 statu
922 482 1315 547 constructo
1372 478 1523 567 poni
1583 475 1831 544 dicitur.
1946 477 2036 543 Et
2094 500 2323 542 nomen
2366 479 2559 544 verbo

286 596 380 661 vel
439 596 553 662 toti
619 592 1040 660 enunciationi
1099 590 1424 662 subditum
1479 589 1583 678 (in
1640 588 2115 673 accusativo),
2201 614 2560 681 quanquam

286 707 536 773 liberius
578 728 695 795 per
737 729 808 773 se
849 717 1054 780 stans,
1101 728 1139 769 e
1178 704 1328 792 lege
1371 716 1585 771 tamen
1628 714 1778 771 ante
1817 703 2083 767 verbum
2125 704 2225 773 vel
2260 707 2556 772 enuncia·

289 823 522 888 tionem
565 819 716 909 poni
758 818 990 907 nequit.
1095 818 1372 884 Ceterae
1430 829 1645 885 autem
1698 816 1965 882 nominis
2017 815 2353 884 relationes
2394 842 2558 907 quae

291 958 368 1000 ex
424 935 549 1003 hac
601 933 913 1022 positione
970 931 1456 1011 nominativum,
1521 931 1900 1017 genitivum,
1968 930 2399 997 accusativum
2441 957 2556 998 suo

291 1047 483 1114 modo
534 1047 963 1134 distinguente
1006 1044 1178 1111 haud
1222 1055 1483 1132 possent
1523 1045 1863 1133 perspicue
1906 1042 2199 1128 exprimi,
2268 1057 2338 1115 ut
2398 1046 2558 1112 ηις.-

288 1163 379 1228 tio
422 1184 589 1249 quae
631 1160 813 1228 nobis
857 1161 1142 1229 dativus
1178 1182 1364 1227 casus
1407 1158 1681 1241 dicitur,
1705 1154 2344 1249 praepositionibus
2378 1173 2560 1228 eraut

285 1271 662 1341 indicandae
712 1270 801 1359 ¹),

458 1458 648 1522 Haec
704 1455 916 1544 prisca
971 1456 1231 1544 linguae
1289 1458 1613 1525 semiticae
1677 1470 1741 1527 et
1796 1459 2004 1526 nativa
2047 1457 2242 1525 facies
2285 1456 2559 1524 indolem
2580 1420 2683 1514 331x

289 1596 471 1638 suam
512 1582 712 1639 totam
754 1572 820 1635 in
862 1570 1125 1639 arabica
1160 1568 1430 1637 dialecto
1489 1584 1622 1639 tam
1662 1595 1890 1661 parum
1932 1573 2224 1652 mutavit,
2289 1583 2359 1638 ut
2394 1571 2556 1638 inte-

286 1710 410 1774 gra
452 1698 700 1756 servata
744 1686 824 1755 sit
861 1684 1180 1771 totiusque
1228 1685 1744 1761 enunciationum
1779 1696 2142 1756 structurae
2185 1684 2555 1773 fundamen-

285 1814 435 1868 tum.
521 1801 689 1866 Nam
730 1798 1322 1887 nominum'positio
1368 1801 1636 1891 primum
1680 1799 1908 1873 eadem
1953 1800 2206 1869 mansit:
2275 1799 2553 1865 nomina-

282 1917 444 1981 tivus
475 1915 582 1980 ubi
619 1914 798 2004 plura
830 1925 976 1980 sunt
1008 1914 1257 1979 nomina
1292 1911 1825 2003 praemittendus,
1874 1916 2270 1988 accusativus
2295 1925 2553 2009 postpo-

282 2028 528 2095 nendus
551 2041 681 2109 est,
722 2018 1036 2117 genitivus
1067 2049 1385 2119 nunquam
1406 2049 1525 2117 per
1549 2050 1654 2102 se,
1686 2038 1759 2093 ut
1780 2028 1859 2091 ab
1882 2027 2052 2094 initio
2082 2027 2554 2110 enunciationiS‚

281 2140 398 2208 sed
441 2164 695 2230 semper
738 2140 974 2206 nomini
1009 2150 1254 2206 tantum
1315 2138 1408 2204 vel
1453 2138 1627 2226 quod
1671 2138 1759 2204 ad
1806 2138 1975 2204 idem
2017 2140 2186 2208 redit
2226 2134 2553 2229 praeposi-

278 2256 435 2322 tioni
479 2256 614 2320 sine
660 2254 784 2320 ulla
817 2275 974 2318 voce
1014 2252 1221 2318 media
1264 2253 1565 2340 postponi
1605 2242 1864 2340 potest.'
1918 2253 2063 2327 Qua
2104 2254 2167 2318 in
2212 2276 2283 2318 re
2324 2254 2551 2341 ingens

280 2380 588 2459 quantum
648 2367 905 2434 arabica
968 2366 1184 2453 lingua
1242 2368 1324 2432 ab
1382 2366 1961 2456 indo-germanica
2006 2365 2229 2448 distat,
2316 2370 2551 2456 quippe

279 2506 445 2569 quae
488 2505 673 2565 casus
729 2481 1072 2570 primitivos
1117 2493 1181 2549 et
1225 2482 1451 2549 multos
1511 2480 1777 2561 habeat,
1842 2481 1945 2568 qui
1991 2483 2208 2569 quovis
2255 2484 2550 2550 enuncia-

276 2598 462 2664 tionis
487 2582 490 2591 ’
515 2597 659 2663 loco
703 2595 978 2663 dilucide
1019 2608 1285 2690 possunt
1347 2593 1660 2661 collocari.
1766 2592 2021 2660 Deinde
2076 2593 2301 2686 eadem
2360 2601 2552 2663 causa

277 2709 811 2798 praepositionem
893 2710 982 2776 vis
1056 2721 1121 2777 et
1191 2732 1341 2782 usus
1401 2711 1485 2774 ob
1546 2731 1806 2774 casuum
1872 2708 2197 2775 defectum
2257 2709 2552 2776 latissime

278 2834 506 2911 patens
546 2824 611 2889 in
643 2824 898 2890 arabica
942 2822 1212 2890 dialecto
1261 2824 1491 2890 mansit
1530 2822 1822 2906 fideliter3
1864 2846 2072 2911 neque
2098 2835 2214 2894 'est
2238 2825 2549 2891 Arabibus

275 2936 521 3007 dativus
565 2937 799 3005 aliusve
842 2961 1026 3009 casus
1070 2939 1278 3009 similis
1323 2948 1519 3008 ortus.

444 3119 580 3186 Sed
626 3144 993 3209 quanquam
1032 3120 1524 3189 fundamentum·
1556 3122 1730 3190 haud
1775 3134 1873 3191 est
1912 3126 1973 3190 in
2017 3118 2300 3189 dialecto
2336 3121 2547 3189 cultis-
2570 3151 2678 3201 332

276 3236 431 3301 sima
489 3246 556 3302 et
620 3235 940 3302 uberrima
993 3236 1416 3303 labefactum:
1494 3248 1560 3304 at
1625 3237 1819 3305 multo
1885 3248 2101 3303 tamen
2158 3234 2580 3316 distinctiora¹

275 3348 486 3417 omnia
525 3348 592 3414 in
634 3351 712 3414 ea
751 3361 898 3419 sunt
940 3351 1128 3417 sacta.
1212 3351 1383 3417 Nam
1426 3352 1735 3418 vocalium
1779 3352 2036 3419 nomina
2079 3350 2550 3421 terminantium

272 3461 674 3543 varietatem,
719 3487 884 3550 quae
926 3465 1075 3532 oriri
1117 3475 1364 3551 potest,
1408 3468 1562 3543 satis
1598 3489 1895 3555 magnam
1930 3464 2011 3531 ad
2045 3462 2324 3535 diversas
2347 3514 2365 3541 ‚
2410 3463 2546 3551 qui·
2626 3470 2639 3474 ‘

270 3578 390 3643 bus
434 3599 665 3643 nomen
711 3579 777 3642 in
822 3579 1263 3646 enunciatione
1308 3579 1457 3666 poni
1518 3589 1764 3665 potest,
1825 3579 2102 3667 rationes
2150 3588 2215 3642 et
2257 3576 2547 3642 notiones

271 3691 474 3776 probe
543 3673 1035 3779 distinguendas.
1087 3691 1365 3761 traduxit
1423 3691 1650 3781 lingua
1713 3691 2056 3760 cultissima
2078 3743 2096 3772 ‚
2163 3703 2235 3758 ut
2293 3689 2545 3757 omnino

271 3803 583 3872 vocalium
633 3804 912 3871 finalium
967 3805 1240 3875 varietas
1300 3808 1646 3874 formarum
1691 3806 1931 3873 notioni
1975 3831 2013 3873 e
2044 3804 2348 3895 junctura
2387 3821 2553 3891 pen:

271 3914 447 3985 denti
490 3917 811 3993 notandae
851 3921 1106 3988 inservit
1149 3918 1250 4010 (ἓ.
1282 3919 1461 4006 162).
1571 3922 1777 4007 Atque
1829 3921 1926 3985 sic
1968 3941 2170 3985 casus
2215 3918 2339 3987 orti
2378 3928 2543 3996 sunt,

269 4028 323 4093 si
379 4030 467 4096 ita
520 4031 687 4099 hanc
742 4056 863 4121 pro
923 4036 1187 4101 nominis
1234 4034 1537 4123 junctura
1593 4031 1905 4100 diversam
1957 4032 2547 4120 pronunciationem

380 4338 438 4402 1)
479 4335 544 4389 cf.
584 4354 662 4404 gr.
700 4337 842 4390 hebr.
