2984 4959
327 1300 398 1349 27

443 355 540 429 18
1303 323 1845 438 Prolegomena.

442 525 877 615 peculiaribus
935 523 1254 593 disserere
1309 524 1625 613 signaque
1664 523 1750 593 ad
1790 503 1963 591 hunc
1998 522 2125 592 rite
2166 522 2711 611 pronunciandum

439 644 507 701 et
550 631 1036 700 declamandum
1078 632 1331 698 inventa
1374 631 1688 721 explicare
1737 627 1840 717 ¹);
1908 628 2009 695 alii
2066 626 2153 692 de
2202 626 2523 693 literarum
2563 651 2713 716 pro-

421 741 851 812 ,nunciatione
881 739 1059 830 justa
1104 746 1171 803 et
1207 757 1372 823 pura
1411 736 1784 822 praecipere
1812 732 1932 821 2);
1975 733 2076 798 alii
2118 733 2604 799 commentarios
2646 734 2713 799 in

435 845 775 911 Koranum
833 856 901 913 et
955 853 1179 933 poetas
1240 840 1528 906 celebres
1581 837 1864 904 scribere
1907 835 2172 903 diffusos
2214 849 2280 905 et
2319 837 2715 926 multiplices.

436 949 612 1015 Nihil
668 950 921 1016 omnino
972 970 1101 1013 non
1156 944 1407 1025 facere,
1479 942 1649 1008 nulla
1688 965 1816 1007 non
1870 952 2150 1024 tentare,
2210 944 2358 1009 nihil
2403 945 2714 1012 intactum

437 1056 801 1143 relinquere
845 1051 1244 1143 grammatici
1292 1049 1575 1148 sollertes
1618 1059 1685 1114 et
1722 1069 1842 1136 per
1878 1055 2082 1113 totum
2120 1047 2450 1115 Islamismi
2488 1052 2715 1116 orbem

436 1181 678 1247 magno
735 1181 1000 1225 numero
1045 1154 1345 1248 dispersi,
1391 1176 1519 1242 quo
1561 1152 1844 1239 linguam
1884 1172 2268 1239 generosam
2293 1153 2713 1224 illustrarent.

608 1298 733 1365 His
789 1298 988 1385 igitur
1026 1296 1308 1362 Arabum
1349 1290 1778 1381 grammaticis
1818 1289 2134 1377 indigenis
2178 1289 2583 1379 diligentibus
2627 1292 2715 1359 ad

437 1402 722 1489 linguam
767 1400 1288 1490 cognoscendam
1325 1399 1662 1486 diligenter
1699 1419 1842 1463 esse
1881 1395 2221 1477 utendum,
2262 1396 2489 1463 horum
2529 1397 2711 1485 leges

437 1520 506 1575 et
545 1507 873 1596 opiniones
918 1528 1060 1574 esse
1100 1491 1249 1572 ante
1291 1504 1501 1572 omnia
1543 1501 1997 1583 consulendas,
2038 1525 2226 1568 nemo
2272 1513 2371 1570 est
2411 1503 2520 1591 qui
2561 1503 2713 1592 jure

434 1610 705 1678 dubitet.
804 1612 888 1679 At
953 1619 1143 1677 caute
1200 1620 1272 1675 ut
1308 1629 1440 1673 non
1482 1608 1688 1675 minus
1732 1631 1924 1696 quam
1967 1607 2304 1695 diligenter
2342 1608 2417 1674 iis
2457 1619 2713 1676 utamur

436 1713 778 1782 videndum
838 1727 953 1782 est.
1092 1715 1240 1781 Suis
1306 1714 1475 1779 enim
1529 1712 1822 1783 laborant
1874 1713 2120 1780 mendis
2182 1713 2332 1779 satis
2388 1714 2712 1800 gravibus,

441 1841 808 1907 quanquam
857 1841 936 1884 ex
980 1828 1338 1909 temporum
1379 1818 1628 1885 illorum
1665 1819 2080 1908 locorumque
2109 1816 2475 1885 conditione
2505 1842 2713 1907 paene

437 1925 835 1992 necessariis.
920 1924 1087 1989 Nam
1135 1924 1418 1991 sollertes
1460 1922 1546 1988 illi
1587 1932 1655 1990 et
1681 1921 1855 1991 docti
1896 1920 2183 1989 homines
2226 1945 2353 2010 quo
2394 1918 2715 1992 intentiori

435 2030 648 2097 studio
694 2030 1014 2097 arabicam
1053 2028 1337 2116 linguam
1378 2025 1649 2114 penitius
1695 2046 2129 2112 cognoscere,
2171 2051 2391 2096 omnes
2436 2029 2572 2120 ejus
2615 2029 2711 2095 di-

433 2135 614 2202 vitias
655 2136 889 2201 uberes
950 2133 1319 2222 complecti,
1376 2131 1614 2197 formas
1671 2139 1737 2196 et
1777 2126 2033 2193 dicendi
2072 2133 2349 2200 rationes
2388 2135 2711 2223 colligere,

432 2238 617 2327 leges
662 2261 919 2328 quoque
960 2240 1189 2328 quibus
1246 2234 1496 2324 singula
1551 2243 1931 2334 regerenth
1972 2238 2243 2303 scrutari
2284 2248 2348 2305 et
2397 2239 2460 2303 in
2508 2250 2711 2329 syste-

431 2355 605 2412 mata
645 2345 947 2433 redigere
996 2343 1461 2410 allaborabant:
1505 2363 1583 2406 eo
1630 2338 1838 2425 magis
1872 2337 2333 2426 deplorandum
2374 2352 2490 2422 est,
2535 2341 2712 2430 quod

434 2450 636 2517 solam
691 2450 1015 2516 arabicam
1077 2447 1363 2535 linguam
1420 2442 1943 2530 cognoscendam
1985 2454 2068 2524 ,et
2122 2443 2553 2511 illustrandam
2592 2447 2712 2513 sibi

434 2557 773 2622 sumebant
792 2606 810 2635 ,
866 2566 1226 2621 ceterarum
1266 2562 1333 2618 et
1377 2548 1802 2640 semiticarum
1843 2556 1910 2613 et
1950 2556 2312 2615 exterarum
2348 2561 2461 2618 aut
2499 2551 2713 2640 ignari

434 2671 549 2727 aut
585 2659 828 2725 incurii.
925 2659 1030 2724 Ea
1072 2667 1285 2724 autem
1327 2663 1426 2719 est
1463 2652 1828 2739 linguarum
1866 2651 2110 2719 indoles
2130 2703 2150 2733 ,
2192 2665 2266 2721 ut
2307 2676 2453 2721 cum
2490 2679 2711 2724 omnes

435 2763 661 2832 eadem
707 2763 895 2830 animi
936 2762 1195 2829 humani
1237 2760 1499 2838 natura,
1539 2757 1777 2824 multae
1819 2756 1904 2823 ad
1953 2756 2221 2824 eandem
2262 2758 2523 2845 stirpem
2565 2782 2712 2849 per·

424 2872 706 2951 ,tinentes
749 2869 1000 2958 origine
1039 2865 1302 2954 propius
1348 2862 1539 2928 etiam
1581 2863 2003 2944 cohaereant,
2047 2884 2214 2952 quae
2257 2864 2382 2932 sint
2405 2865 2713 2953 singulae

435 2974 766 3066 cujusdam
805 2975 987 3062 leges
1040 2982 1107 3039 et
1149 2990 1416 3048 causae,
1472 2983 1602 3032 non
1646 2968 1845 3059 possit
1891 2969 2006 3036 nisi
2049 2992 2130 3035 ex
2172 2969 2466 3056 cognatis
2512 2972 2711 3043 omni-

435 3083 556 3147 bus
612 3092 806 3168 atque
864 3079 1155 3145 universa
1208 3076 1570 3164 linguarum
1632 3077 1858 3143 natura
1927 3076 2133 3163 probe
2201 3076 2581 3162 comparatis
2646 3085 2712 3143 et

434 3184 792 3273 perspectis
860 3194 1040 3252 recte
1101 3182 1366 3269 intelligi
1407 3192 1474 3248 et
1517 3179 1754 3246 doceri.
1855 3179 2083 3267 Itaque
2124 3179 2190 3244 in
2229 3178 2451 3246 limites
2490 3180 2711 3247 inclusi

440 3290 623 3354 nimis
683 3281 995 3386 angustos
1068 3290 1166 3356 vel
1229 3309 1478 3355 summa
1552 3306 1750 3373 opera
1806 3282 1979 3349 haud
2032 3294 2330 3373 poterant
2393 3285 2545 3350 boni
2609 3287 2711 3353 isti

386 3393 389 3398 ’
437 3394 840 3483 grammatici
867 3396 1148 3460 Arabum
1193 3393 1474 3479 linguam
1516 3391 1684 3457 bene
1722 3387 2057 3477 explicare.
2148 3386 2483 3462 Quaedam
2520 3412 2712 3457 sensu

437 3499 697 3586 linguae
761 3521 912 3564 vero
967 3499 1145 3565 ducti
1204 3497 1568 3563 rectissime
1612 3496 2060 3578 observarunt3
2123 3495 2188 3560 in
2228 3491 2438 3560 multis
2481 3516 2711 3561 caecu-

650 3719 746 3769 sibi
803 3734 966 3786 nuper
1014 3716 1183 3768 denuo
1230 3716 1405 3768 literas
1440 3714 1670 3766 arabicas
1703 3713 1932 3766 devinxit
1959 3714 2029 3765 ill.
2068 3714 2124 3765 S.
2162 3713 2228 3766 de
2263 3713 2402 3780 Sacy
2436 3714 2575 3767 edita
2608 3732 2713 3765 an-
2815 3780 2821 3785 ³

651 3806 886 3877 thologie
943 3804 1351 3877 grammatic-ale
1400 3801 1565 3854 arabe
1610 3803 1731 3855 Par.
1771 3807 1911 3855 1829
1972 3818 2106 3869 quae
2153 3802 2438 3868 fragmenta
2486 3806 2714 3858 continet

652 3898 819 3949 bonae
856 3895 1017 3964 frugis
1050 3898 1221 3966 plena.
1286 3895 1639 3950 Grammatica
1672 3894 1886 3946 scientia
1917 3899 2001 3946 est
2023 3882 2261 3977 ,si-ll.

1322 3998 1641 4029 ..oo-0³90

576 4051 636 4119 1)
689 4054 931 4105 scientiae
964 4051 1149 4120 hujus,
1176 4041 1484 4112 0⁶33:me
1510 4081 1639 4150 ru)
1666 4049 1820 4115 dicti,
1869 4050 2146 4119 specitnina
2184 4050 2442 4105 luculenta
2481 3997 2713 4107 exhibuit
2774 4102 2777 4104 a

655 4190 722 4241 de
760 4191 900 4255 Sat-y
932 4191 986 4242 in
1024 4189 1147 4241 Not.
1185 4197 1237 4242 et
1270 4189 1422 4241 Extr.
1460 4189 1529 4241 Τ.
1558 4195 1610 4242 8.
1647 4208 1700 4259 p.
1719 4192 1867 4241 290-
1886 4191 2009 4240 359.

552 4297 616 4364 2)
658 4304 715 4349 ut
762 4299 901 4363 quod
946 4316 1081 4372 opus
1116 4298 1504 4368 imprimendum
1537 4302 1736 4353 curavit
1770 4299 1835 4351 de
1870 4298 2010 4363 Sacy
2047 4296 2099 4350 in
2131 4296 2253 4384 Not.
2293 4306 2345 4352 et
2379 4299 2529 4355 Extr.
2565 4301 2629 4354 Τ.
2656 4305 2707 4354 9.

652 4404 701 4454 p.
734 4390 759 4437 1
796 4404 907 4454 sqq.
