2984 4959
501 359 654 433 350
1445 349 1872 427 Particulae.

502 636 625 680 nae
683 611 881 679 affine
925 618 1026 678 est
1065 563 1175 662 ὦ
1238 618 1311 676 et
1366 607 1622 696 saepius
1682 548 1791 659 ὦ
1836 604 1922 673 de
1964 605 2108 673 loco
2153 607 2309 686 hic-‚-
2367 550 2790 709 &jz-illic,

499 820 693 888 levius
759 761 931 876 &3OE
993 813 1169 906 quod
1221 815 1430 903 poetis
1496 814 1889 904 frequentius
1961 814 2250 896 usitatur,
2340 826 2567 883 contra
2624 758 2788 890 ᾧ

500 934 618 1000 hic
670 933 806 999 loci
861 931 944 997 cf.
1000 927 1067 1020 §-
1095 929 1244 997 454.
1360 932 1574 997 'Cum
1614 929 2190 1019 praepositionibus
2267 929 2405 997 sine
2463 931 2789 1000 flexione:

501 1065 606 1175 [Ξὲ
645 1063 736 1221 33
771 1120 970 1198 hinc,
1025 1060 1135 1169 [ΖΞ
1176 1074 1417 1217 gislam
1460 1126 1587 1183 etc.
1634 1152 1722 1166 --
1787 1115 1850 1184 E
1878 1114 2098 1183 radice
2138 1119 2555 1206 pronominali
2596 1132 2680 1186 ta
2728 1145 2785 1188 r.

499 1327 597 1392 da
657 1325 775 1417 (§.
801 1324 971 1410 453)
1036 1333 1179 1391 orta
1241 1345 1501 1411 quoque
1566 1321 1819 1391 videtur
1885 1323 2197 1413 particula
2256 1345 2332 1421 Γ*
2391 1325 2576 1425 hebr.
2631 1316 2783 1418 ῦτρ,

498 1441 710 1509 locum
752 1447 1070 1508 remotum
1110 1435 1497 1526 indigimus:
1540 1435 1705 1503 istic
1723 1484 1744 1518 ,
1786 1435 1908 1505 ibi.
1988 1437 2191 1506 Multo
2226 1449 2441 1507 autem
2474 1439 2783 1530 frequen-

1793 1568 1826 1602 Ε
1845 1571 1874 1603 ³

496 1635 625 1704 tius
666 1636 879 1726 paullo
933 1631 1171 1704 variata
1211 1626 1740 1718 pronunciatione
1782 1628 1858 1724 53
1900 1626 2204 1716 temporis
2246 1638 2398 1696 nota
2440 1627 2612 1695 sacta
2656 1635 2784 1707 est,

500 1747 604 1813 ibi
643 1749 683 1816 i.
727 1773 784 1816 e.
828 1761 980 1815 tum
1006 1796 1027 1826 ‚
1068 1743 1355 1818 deinde,
1415 1752 1489 1809 ut
1530 1763 1979 1829 nonnunquam
2025 1741 2216 1808 etiam
2266 1743 2537 1831 copulae
2575 1744 2784 1811 instar

493 1864 561 1930 in
604 1846 1034 1928 enumerando
1086 1867 1419 1923 occurrat:
1476 1865 1663 1929 tum,
1703 1875 1932 1941 porro·
2038 1844 2380 1944 Temporis
2421 1857 2783 1945 particulae

492 1975 645 2045 huic
701 1985 937 2064 poetae
995 1968 1333 2060 aliquando
1393 1965 1904 2037 terminationem
1968 1968 2331 2037 femininam
2371 1971 2782 2061 subjungunt

490 2091 557 2157 in
602 2087 963 2157 accusativo
1016 2097 1083 2154 et
1137 2086 1221 2152 ob
1280 2105 1512 2151 nexum
1559 2104 1703 2147 cum
1746 2084 2157 2170 sequentibus
2210 2096 2592 2174 perpetuum
2633 2087 2780 2154 sine

492 2279 837 2345 nunatione
879 2272 1360 2365 pronunciatam
1398 2212 1554 2329 ὦ
1581 2269 1756 2335 Ibn·-
1776 2270 2047 2339 Doreidi
2087 2273 2400 2341 Makzura
2440 2298 2496 2341 v,
2530 2276 2634 2343 54.
2672 2276 2777 2344 56.

489 2393 710 2459 Ham.·
736 2414 798 2479 p.
828 2390 979 2456 227.
1020 2388 1150 2455 477
1193 2408 1339 2451 cum
1385 2383 1586 2451 Tebr.
1630 2383 1883 2452 scholiis
1925 2384 2016 2473 ¹).

365 2682 463 2734 481
657 2661 897 2755 Radix
925 2659 1004 2726 ke
1058 2636 1137 2723 ὅ
1171 2657 1616 2747 interrogativi
1657 2638 1747 2727 'et
1807 2659 2048 2728 relativi
2113 2660 2230 2753 (g.
2269 2663 2437 2751 465)
2509 2664 2776 2733 „osone

487 2776 783 2867 praedita
835 2777 904 2843 in
946 2772 1153 2841 multis
1197 2773 1369 2840 orbis
1412 2771 1644 2840 veteris
1685 2770 1920 2859 linguis
1972 2773 2142 2842 culta
2187 2776 2623 2844 diversissimis
2667 2802 2772 2845 re·-

487 2892 764 2982 peritur,
833 2888 1151 2955 communi
1208 2885 1384 2953 haud
1443 2885 1638 2953 dubie
1696 2909 1736 2952 e
1791 2886 1969 2954 sonte
2022 2888 2259 2956 ultimo.
2360 2891 2667 2959 Semitica
2709 2893 2775 2958 in

487 3005 708 3092 lingua
775 3026 924 3071 cum
978 3000 1137 3069 aliae
1208 3001 1469 3088 insuper
1531 3000 1656 3067 sint
1710 3000 1984 3069 notionis
2027 3003 2213 3093 hujus
2280 3003 2586 3085 radices‚'
2637 3026 2772 3071 non

488 3117 877 3208 pronominis
938 3137 1018 3181 ea
1074 3114 1199 3180 vim
1260 3125 1448 3181 nacta
1510 3124 1644 3193 est,
1718 3113 1836 3180 sed
1892 3115 2098 3181 varias
2139 3117 2391 3206 reliquit
2435 3118 2775 3201 adverbio-

490 3255 632 3301 rum
698 3229 1158 3308 derivationes,
1222 3226 1521 3293 arabicae
1572 3237 1785 3294 tamen
1843 3226 2115 3297 dialecto
2170 3232 2376 3298 minus
2420 3255 2612 3319 quam
2655 3234 2775 3300 he-

489 3419 728 3484 braeae
792 3413 1055 3480 usitata:
1124 3410 1201 3499 l)
1247 3412 1434 3501 stirps
1487 3412 1742 3503 longior
1785 3358 1954 3504 2:133:
1995 3421 2169 3506 qui?
2228 3418 2611 3507 quomodo?
2672 3418 2773 3482 in·

598 3698 660 3766 1)
710 3697 888 3751 Possit
935 3694 1052 3762 quis
1106 3694 1226 3750 hinc
1281 3695 1524 3751 facillime
1577 3698 1888 3753 concludere
1920 3700 2225 3769 particulam
2258 3715 2365 3752 non
2401 3716 2433 3752 e
2465 3699 2770 3769 pronomine

717 3791 811 3844 sed
848 3806 915 3842 ex
951 3787 1156 3841 nomine
1191 3803 1285 3840 seu
1319 3788 1492 3841 radice
1528 3791 1758 3860 perfecta
1794 3792 1933 3844 oriri.
2020 3792 2130 3845 Sed
2163 3797 2224 3844 ut
2259 3791 2492 3843 omittam
2537 3789 2768 3841 radicem

719 3898 853 3950 quae
887 3879 987 3932 huc
1022 3876 1154 3931 trahi
1197 3879 1364 3944 possit
1396 3879 1634 3935 idoneam
1669 3883 1862 3934 nullam
1899 3883 2144 3951 reperiri,
2194 3899 2297 3936 non
2347 3884 2563 3947 mirum,
2624 3881 2767 3949 quod

717 3973 966 4041 particula
1018 3986 1049 4023 e
1101 3971 1402 4039 pronomine
1439 3979 1554 4025 orta
1590 3975 1640 4026 in
1678 3975 1954 4027 flexionem
1988 3975 2271 4044 perfectam
2306 3975 2428 4027 abit.
2513 3974 2767 4042 Suspicor

717 4064 900 4126 etiam,
948 4062 1108 4115 fuisse
1157 4060 1440 4126 antiquitus
1475 4063 1690 4116 sormam
1727 4063 1781 4116 in
1817 4065 1918 4116 fine
1954 4066 2120 4117 vocali
2155 4064 2440 4117 diductiore
2476 4065 2763 4133 praeditam

717 4167 778 4214 ut
813 4137 1032 4241 Πξῇρ,
1084 4165 1145 4214 ut
1195 4159 1348 4251 facile
1390 4162 1623 4216 vocalem
1659 4168 1689 4214 ἴι
1723 4152 1946 4216 finalem*
1970 4166 2021 4218 in
2068 4165 2189 4221 sem.
2245 4163 2515 4217 traducere
2550 4169 2762 4232 possent

719 4304 921 4366 poetae.
981 4329 1053 4339 -
1135 4263 1384 4352 Similiter
1434 4260 1547 4357 Ξῡζζ
1596 4305 1780 4366 poetas
1829 4314 1948 4351 raro
2003 4299 2173 4351 dicere
2210 4317 2305 4369 pro
2343 4264 2387 4361 {t
2422 4319 2554 4365 non,
2604 4300 2763 4353 tradit

719 4390 868 4441 Kam.
919 4392 984 4444 cf.
1022 4394 1071 4456 S.
1094 4396 1196 4444 491
1237 4400 1292 4445 et
1330 4396 1449 4446 Suc.
1487 4388 1626 4444 anth.
1665 4409 1714 4458 p.
1750 4398 1871 4445 337.
2615 4384 2624 4393 ’
