2984 4959
434 400 534 470 38
866 462 875 468 ,
1144 390 1258 461 De
1316 392 1557 464 forma
1614 393 2009 465 literarum.

434 568 500 660 §.
535 572 662 638 125
680 574 738 659 ‚)
800 574 941 640 fieri
982 576 1236 661 nequit,
1313 599 1436 643 nec
1482 576 1601 644 uisi
1654 531 2087 663 grammaticis
2129 584 2198 644 et
2233 574 2710 664 lexicographis

435 685 626 773 inque
691 688 934 754 numeri
998 687 1343 757 denotandi
1383 711 1570 757 usum
1616 688 1681 781 §.
1723 689 1827 756 30.
1881 688 2177 770 inservit,
2246 688 2416 757 velut
2456 692 2521 743 ὓ
2540 732 2565 766 ,
2622 711 2713 765 «τ’,

441 825 478 894 ς
529 810 654 866 etc.

323 961 395 1009 66
607 942 838 1032 Neque
892 944 981 1013 ita
1011 945 1371 1035 junguntur
1412 944 1615 1012 solum
1658 945 1880 1012 literae
1929 963 2244 1023 annexae,
2304 939 2422 1009 sed
2466 953 2531 1009 et
2570 966 2708 1009 ma-

425 1053 553 1143 jori
610 1057 932 1125 scribendi
994 1068 1059 1125 et
1114 1057 1494 1146 compendio
1555 1068 1621 1126 et
1673 1058 1927 1126 levitate
1990 1068 2103 1126 aut
2140 1055 2571 1138 involvuntur,
2636 1068 2711 1125 ut

439 1161 485 1223 ὅ
523 1173 621 1238 vel
665 1169 706 1225 X
727 1215 751 1249 ,
808 1193 977 1260 quae
1033 1171 1247 1258 figura
1288 1170 1555 1260 simplex
1597 1170 1730 1239 visa
1773 1169 2152 1259 quibusdam
2191 1168 2291 1236 vel
2332 1168 2588 1236 ultimae
2633 1169 2706 1235 li-

433 1295 609 1352 terae
664 1285 809 1351 loco
866 1284 1203 1372 alphabeto
1266 1286 1553 1350 subnexa
1593 1295 1723 1364 est,
1768 1281 1839 1368 Ι)
1900 1293 2041 1365 aut,
2100 1283 2154 1352 si
2197 1282 2504 1352 ductuum
2545 1270 2710 1352 ratio

432 1399 680 1478 invitat,
740 1419 1016 1487 superne
1056 1406 1514 1479 annectuntur,
1570 1383 1662 1463 ut‘
1686 1383 1798 1493 fl,
1857 1381 2009 1472 δὲ,
2066 1366 2233 1514 ὃ)
2361 1419 2366 1424 ·

319 1556 393 1604 67
599 1539 694 1607 Ut
759 1540 974 1627 figura
1044 1559 1510 1626 numerusque,
1582 1537 1672 1605 ita
1727 1536 1891 1602 ordo
1944 1536 2267 1605 literarum
2324 1561 2402 1604 ex
2458 1538 2711 1626 origine

428 1652 598 1720 idem
643 1663 784 1719 erat
827 1654 934 1740 qui
979 1652 1157 1743 Syris
1201 1661 1271 1746 et
1305 1651 1644 1717 Hebraeis,
1734 1653 2025 1739 Suntque
2069 1651 2305 1720 ordinis
2348 1652 2533 1742 hujus
2577 1652 2707 1741 pri-

427 1762 621 1831 mitivi
680 1766 951 1851 vestigia
1012 1773 1263 1842 servata
1320 1775 1456 1830 tum
1525 1762 1590 1830 in
1645 1762 1971 1832 literarum
2044 1766 2318 1834 numeris
2376 1764 2708 1853 signandis

430 1874 857 1942 adhibitamm
920 1874 1019 1967 (ἕ.
1063 1874 1187 1963 30)
1243 1875 1303 1942 vi
1365 1886 1433 1942 et
1486 1877 1732 1948 ratione
1752 1927 1771 1957 ‚
1856 1887 1993 1943 tum
2053 1878 2121 1944 in
2174 1880 2433 1967 antiquo
2491 1880 2706 1947 literas

428 2012 649 2057 omnes
719 1989 943 2057 ordine
982 1987 1119 2056 'suo
1177 1986 1518 2076 dispositas
1573 1992 1835 2058 vocibus
1889 1991 2356 2060 memorialibus
2411 1979 2703 2083 compre-

426 2101 747 2170 hendendi
804 2102 1090 2193 exemplo
1152 2102 1309 2168 hoo:

946 2219 971 2233 ο
1062 2204 1094 2236 0
1130 2217 1161 2236 a·
1202 2206 1230 2235 ³
1322 2202 1402 2234 oa

509 2323 515 2328 ,
591 2206 750 2355 Ξῑὲἑ
822 2207 986 2318 Ξὲ·
1038 2250 1229 2354 φφ·
1279 2200 1499 2331 0222'„
1554 2200 1709 2345 0352
1764 2204 1929 2362 [3122
1973 2218 2112 2345 3,ss
2145 2193 2331 2373 {5³}
2366 2234 2458 2323 ¹).

308 2461 321 2476 ,
424 2398 742 2487 Utrinque
805 2396 1018 2463 literas
1080 2404 1316 2483 puncto
1376 2393 1459 2457 ob
1517 2389 1904 2459 subtiliorem
1964 2395 2552 2484 pronunciationem
2607 2394 2703 2461 di-

423 2514 684 2581 stinctas
728 2513 791 2578 in
837 2512 966 2577 fine
988 2507 1248 2597 positas
1291 2503 1731 2592 conspicimus·
1841 2507 1978 2574 Sed
2021 2508 2309 2576 ordinem
2349 2510 2521 2575 hunc
2556 2531 2704 2598 per-

422 2637 740 2693 vetustum
827 2634 1058 2713 postea
1138 2621 1532 2686 inverterunt
1614 2620 2177 2706 grammaticorum
2255 2621 2466 2688 studia
2547 2621 2703 2712 alios

422 2717 864 2827 quaerentium
935 2737 1044 2825 qui
1105 2735 1386 2824 potiores
1445 2731 1829 2798 viderentur.
1952 2733 2276 2822 Coeptum
2339 2745 2437 2802 est
2489 2735 2700 2803 literas

424 2864 537 2918 aut
578 2852 791 2938 figura
833 2848 1065 2917 similes
1107 2859 1220 2916 aut
1259 2845 1788 2937 pronun'ciatione
1828 2819 2065 2912 vicinas
2115 2848 2460 2936 copulare;
2530 2846 2704 2937 quod

425 2965 706 3034 studium
771 2984 1134 3052 quanquam
1193 2963 1523 3051 antiquum
1579 2958 1866 3025 ordinem
1925 2961 2075 3028 satis
2118 2963 2453 3050 pervertit,
2510 2947 2705 3049 idque
2825 3039 2830 3043 .

428 3077 602 3167 apud
645 3075 1005 3144 Orientales
1064 3076 1273 3162 magis
1333 3098 1524 3162 quam
1576 3072 1909 3141 Africanos
1951 3076 2404 3164 Hispanosque
2452 3078 2704 3142 omnino

424 3185 711 3259 ¹ueterem
770 3191 1145 3277 scripturam
1200 3186 1448 3254 fidelius
1513 3195 1871 3268 servantes,
1930 3189 2103 3254 haud
2151 3201 2363 3257 tamen
2402 3170 2705 3258 radicitus

431 3305 670 3371 evertit.
777 3303 942 3370 Post
984 3298 1332 3390 secimdam
1377 3300 1544 3366 enim
1584 3300 1834 3367 literam
1876 3322 1943 3375 «τ’
1993 3302 2239 3389 positae
2282 3314 2431 3369 sunt
2479 3306 2541 3356 c>
2558 3347 2584 3380 ‚
2641 3294 2706 3360 (2³

431 3422 516 3483 ob
561 3418 844 3504 figuram
886 3413 1183 3492 similem3
1243 3412 1648 3501 similiterque
1690 3412 1909 3481 literae
1953 3444 2002 3503 g
2048 3416 2422 3506 subjunctae
2461 3433 2515 3503 ‘g
2531 3459 2554 3492 ‚
2614 3424 2703 3505 ἐς

432 3531 581 3597 dein
622 3529 814 3618 literis
856 3537 890 3582 ὁ
918 3571 941 3604 ,
999 3520 1039 3581 ⁴⁶>
1082 3525 1456 3615 subjunctae
1475 3558 1561 3607 Δ,
1599 3539 1647 3612 j
1694 3550 1860 3616 quae
1909 3529 1974 3593 in
2018 3529 2163 3596 cdd.
2205 3532 2583 3620 praesertim
2623 3530 2706 3599 ad

428 3692 2139 3760 ------⁴--—-—---

416 3821 437 3834 ο
539 3794 599 3861 1)
636 3810 685 3845 v.
726 3794 869 3846 litem
918 3791 1367 3858 grammaticorum
1418 3791 1653 3843 inutilem
1701 3793 1754 3844 in
1806 3790 1928 3844 Not.
1991 3802 2044 3845 et
2081 3791 2233 3845 Extr.
2283 3793 2348 3845 T.
2385 3796 2440 3844 8.
2489 3812 2539 3862 p.
2571 3796 2707 3845 828-

641 3887 763 3935 330.

537 3999 601 4065 2)
639 3995 745 4049 sex‘
770 3997 1024 4065 prioribus
1060 4000 1272 4053 vocibus
1306 4000 1508 4054 Arabes
1541 4016 1636 4053 sex
1670 4002 1868 4069 priores
1917 4000 2247 4056 hebdomadis
2294 4004 2405 4056 dies
2454 4004 2707 4072 (ultimus,

1494 4081 1555 4116 9-
1601 4087 1631 4118 ,φ
1647 4102 1672 4116 .

645 4137 845 4187 veneris
894 4151 935 4186 s.
988 4152 1287 4199 περισκιυης,
1353 4144 1433 4190 est
1492 4134 1665 4225 ³²³3)ss
1710 4157 1896 4208 vesper
1939 4138 2166 4207 sabbati)
2218 4140 2470 4192 vocitasse
2507 4140 2709 4203 feruut3

645 4226 737 4279 sed
786 4226 840 4278 id
891 4225 956 4280 de
1003 4226 1108 4279 ludi
1143 4229 1400 4295 magistris
1434 4235 1634 4283 tantum
1676 4230 2005 4300 alphabetum
2052 4219 2331 4285 memoriae
2380 4232 2709 4297 infigentibus

647 4316 1032 4384 intelligendum
1088 4336 1230 4385 esse,
1289 4338 1405 4376 cum
1456 4322 1664 4375 nomina
1712 4320 1840 4374 baec
1886 4325 1940 4375 in
1975 4324 2079 4376 vita
2112 4323 2311 4391 vulgari
2347 4320 2480 4375 baud
2512 4324 2709 4375 usiten-

645 4414 759 4473 tur,
794 4414 935 4459 recte
966 4408 1076 4474 jam
1111 4409 1337 4463 Pocock.
1377 4428 1519 4480 spec.
1557 4410 1674 4464 bist.
1713 4429 1764 4479 p.
1799 4414 1924 4465 208.
1963 4412 2105 4467 vidit.
2786 4399 2800 4411 ⁰
