2984 4959
356 372 461 444 30
497 400 503 406 ’
1122 347 1239 426 De
1289 353 1866 428 consonantibus·

357 570 483 640 tica
501 541 828 658 efferenda
845 576 943 641 est
962 566 1054 656 ι).
1075 565 1331 636 ‘Lenius
1360 575 1546 633 sonat
1560 537 1643 644 ὅ,
1680 555 1854 629 unde
1870 560 2118 629 diverse
2132 562 2630 653 pronunciantur

435 676 498 705 0-
952 667 1042 702 θυι

358 672 502 805 ..i-B
559 727 852 819 qalbun,
920 711 1054 781 ΒΚ
1097 725 1379 803 kelbun,
1444 723 1696 813 etpost
1733 698 1813 780 ὅ
1837 733 1985 790 ante
2026 724 2066 789 a
2104 728 2148 791 ὓ
2196 721 2628 790 brevissimum

357 845 613 913 auditur
658 844 704 909 i.
801 841 1106 908 Dialectis
1167 838 1475 906 nonnullis
1519 828 1580 893 43
1621 839 1686 903 in
1724 860 1782 925 g
1827 836 2158 903 obscurius
2204 834 2315 924 ²),
2358 815 2438 893 ὅ
2464 836 2530 901 in
2566 856 2626 922 g

359 959 586 1025 clarius
659 954 1091 1042 degeneravit.
1202 952 1486 1019 Literam
1559 962 1771 1018 autem
1815 980 1866 1038 g
1908 951 1990 1016 ab
2034 950 2284 1038 origine
2326 973 2384 1038 g
2432 948 2627 1015 fuisse

343 1069 555 1159 ⁴dubio
613 1079 790 1133 caret
807 1116 826 1145 ,
910 1077 1135 1155 estque
1193 1066 1357 1133 haec
1419 1063 1858 1153 pronunciatio
1903 1064 2262 1131 etiamnunc
2300 1065 2366 1131 in
2406 1062 2625 1132 tracti-

354 1185 477 1250 bus
521 1178 896 1271 quibusdam
937 1179 1169 1245 usitata
1218 1176 1333 1265 ³);
1408 1174 1527 1245 sed
1573 1177 1677 1243 hic
1731 1198 1923 1243 sonus
1968 1179 2285 1266 paullatim
2325 1178 2390 1244 in
2430 1175 2626 1243 lenio-

352 1319 495 1363 rem
558 1294 902 1384 palatinam
958 1289 1266 1357 emollitus
1324 1301 1452 1371 est,
1514 1312 1553 1355 e
1595 1289 1746 1377 lege
1803 1313 2103 1359 sonorum
2157 1302 2293 1360 tum
2349 1291 2628 1358 omnium

351 1409 625 1490 uvalium
665 1418 799 1476 tum
842 1402 1214 1494 praesertim
1255 1402 1440 1491 hujus
1496 1405 1792 1472 continua
1838 1403 2010 1493 apud
2063 1427 2280 1471 omnes
2330 1404 2466 1470 fere
2507 1424 2624 1491 po-

350 1523 534 1613 pulos
601 1522 817 1609 lingufi
885 1518 1136 1584 labente
1206 1517 1601 1585 observanda
1646 1518 1753 1609 ⁴).
1890 1519 2120 1607 anue
2188 1517 2625 1609 pronunciatio

242 1667 247 1672 ·
352 1636 528 1726 apud
569 1635 907 1725 plerosque
969 1629 1227 1697 invaluit
1266 1639 1339 1696 ut
1394 1653 1536 1696 eam
1578 1633 1759 1701 nobis
1801 1632 1868 1698 in
1907 1631 2188 1720 legendo
2232 1629 2625 1721 sequendam

352 1774 496 1818 esse
539 1748 778 1815 nullum
819 1747 901 1813 sit
941 1742 1208 1810 dubium
1252 1743 1343 1831 ⁵).
1425 1744 1564 1810 Pro
1604 1744 1772 1809 dsclz
1812 1756 2025 1813 tamen
2070 1746 2245 1837 quod
2285 1746 2624 1813 Germanis

351 1855 583 1933 sonum
622 1861 805 1927 hunc·
835 1857 1126 1947 exprimit
1144 1905 1164 1936 ‚
1221 1855 1562 1943 simplicius
1600 1851 1677 1945 ξ’
1724 1858 2010 1925 scribere
2048 1860 2256 1932 malui.

458 2111 519 2180 1)
555 2110 732 2176 Aryda
764 2125 816 2176 p.
833 2110 867 2159 9
883 2123 901 2158 ε
941 2102 1172 2156 “literae
1206 2097 1527 2169 emphaticae
1565 2122 1661 2174 00
1682 2094 1841 2178 0319
1862 2089 1999 2161 1543
2037 2110 2158 2158 gunt
2191 2102 2425 2172 ejusdem
2468 2104 2621 2154 natu-

559 2237 650 2276 rae
682 2236 746 2273 ac
780 2219 923 2270 lenes
957 2244 1039 2291 υ..
1059 2225 1094 2271 3
1122 2218 1241 2298 cb)
1266 2191 1364 2278 ὅ,
1413 2218 1469 2267 at
1503 2213 1667 2266 multo
1698 2213 1884 2280 maJori
1914 2229 2033 2266 cum
2069 2213 2296 2282 emphasi
2332 2210 2619 2281 pronunci-
2679 2257 2688 2266 .

559 2331 725 2384 andae
743 2369 759 2396 ‚
819 2330 973 2398 pleno
1026 2326 1267 2380 videlicet
1318 2338 1436 2387 ore,
1488 2337 1783 2376 mucronem
1815 2324 2050 2392 linguae,
2098 2327 2152 2379 in
2187 2324 2383 2376 duabus
2418 2322 2621 2391 praeci·>

560 2457 664 2512 pue
712 2439 876 2492 literis
925 2434 1011 2516 0:⁶³
1039 2443 1092 2489 et
1126 2430 1210 2502 b,
1258 2434 1404 2489 initio
1444 2435 1603 2502 palati
1639 2431 1847 2487 fortiter
1877 2434 2133 2500 sistendo,
2184 2439 2341 2501 atque
2390 2432 2617 2483 intimam

558 2550 664 2603 oris
711 2553 940 2618 partem,
993 2554 1175 2616 guttur
1225 2559 1405 2600 versus
1420 2581 1437 2608 ,
1486 2542 1796 2596 dilatando.’'
1880 2544 1994 2597 Imo
2040 2540 2123 2596 vel
2169 2542 2224 2594 in
2272 2541 2465 2592 vocalis
2496 2557 2535 2590 a
2561 2548 2621 2594 et

557 2641 748 2693 nasalis
783 2658 819 2690 n
853 2640 905 2691 in
955 2638 1138 2690 eadem
1169 2649 1300 2689 voce
1336 2632 1692 2702 praecedentis
1727 2645 1909 2685 sonum
1944 2631 2073 2685 hanc
2109 2629 2370 2701 emphasin
2404 2632 2619 2686 transire

556 2729 685 2781 dicit
700 2766 717 2793 ‚
751 2728 806 2781 id
840 2727 979 2795 quod
1015 2742 1133 2779 eum
1166 2721 1433 2776 san-'crito
1467 2738 1504 2808 n
1540 2720 1731 2774 dentali
1762 2727 1938 2791 potest
1971 2724 2210 2777 conferri.
2244 2750 2319 2763 —
2351 2722 2432 2775 Cf.
2463 2739 2618 2792 prae-

559 2838 711 2905 cipue
757 2832 1147 2890 Ibn-Khaldun
1194 2832 1248 2886 in
1304 2827 1464 2916 Sacyi
1520 2828 1711 2883 anthol.
1758 2847 1810 2901 p.
1850 2836 1973 2887 171.
2018 2837 2140 2888 172.
2190 2832 2278 2901 qui
2323 2830 2419 2885 hac
2465 2832 2618 2886 liter&

556 2929 758 2982 Arabes
792 2942 941 2982 veros
974 2925 1219 2991 distingui
1251 2922 1338 2975 ait.
1494 2917 1507 2934 ⁴

445 3046 514 3116 2)
551 3046 618 3098 cf.
653 3044 976 3110 Senkowsky
1011 3040 1339 3110 supplement
1372 3036 1405 3089 a
1439 3034 1702 3092 l’histoire.
1719 3038 1812 3093 des
1844 3038 1996 3094 Hune
2029 3059 2082 3113 p.
2108 3047 2199 3098 79.

449 3162 514 3232 3)
551 3178 600 3217 v.
652 3160 882 3215 Habicht
937 3160 1101 3231 praef.
1151 3157 1221 3212 ad
1265 3155 1412 3225 epist.
1441 3127 1544 3226 ¹¹²¹?-
1601 3173 1653 3224 p.
1690 3156 1809 3210 VII.
1868 3157 2071 3212 Fraehn
2126 3158 2196 3212 ad
2239 3158 2373 3212 Ibn-
2389 3156 2614 3213 Foszlan

553 3291 606 3342 p.
652 3275 759 3325 132
804 3273 892 3341 qui
945 3272 1001 3325 id
1035 3271 1121 3326 vel
1167 3285 1237 3324 ex
1288 3243 1368 3327 ..εἴ
1387 3265 1512 3318 oriri
1544 3270 1794 3317 monstrat
1822 3304 1838 3319 .
1932 3268 1994 3323 In
2027 3270 2241 3339 persicis
2272 3270 2427 3323 etiam
2459 3285 2530 3323 ex
2559 3273 2613 3327 Δ

551 3435 729 3484 natum
766 3433 872 3495 est,
905 3434 965 3481 nt
992 3387 1171 3531 3133?
1208 3443 1279 3482 ex
1315 3382 1474 3528 8133?
1513 3419 1697 3489 dibah,
1736 3423 1909 3493 dibag.

448 3570 512 3639 4)
546 3570 624 3623 sic
657 3568 932 3621 latinorum
963 3583 1005 3638 g
1037 3565 1240 3635 populis
1275 3560 1648 3616 recentioribus
1678 3562 1733 3614 in
1770 3560 1898 3614 clo-elz
1935 3565 2217 3618 emollitum
2252 3572 2363 3630 θεῖς
2409 3568 2485 3620 sic
2523 3563 2612 3621 In—

558 3660 639 3712 dis
696 3664 807 3710 tum
859 3657 1228 3722 antiquioribus
1277 3662 1389 3708 tum
1435 3655 1808 3707 recentioribus
1869 3656 1922 3709 in
1957 3658 2239 3721 ,Sanscrito
2284 3674 2521 3713 sermone
2557 3665 2615 3713 et

556 3750 738 3803 Palico
775 3746 842 3800 cs.
879 3746 1032 3799 Essai
1076 3746 1249 3800 surde
1284 3744 1401 3797 Pali
1439 3760 1491 3812 p.
1526 3748 1647 3797 163.

446 3869 512 3939 ὅ)
549 3885 666 3924 nam
704 3867 843 3936 quod
881 3867 970 3919 alii
1012 3864 1313 3932 objecerunt
1328 3902 1345 3928 ‚
1399 3895 1447 3954 ε
1491 3880 1595 3916 non
1623 3880 1738 3917 esse
1764 3865 1898 3919 inter
1928 3866 2102 3920 literas
2130 3869 2328 3921 solares
2363 3868 2440 3936 (S.
2459 3869 2613 3938 128),

553 3979 676 4034 nihil
709 3981 880 4045 valet,
926 3992 1044 4031 cum
1081 3991 1237 4029 sonus
1267 3976 1337 4028 sit
1373 3975 1663 4042 palatinus,
1715 3991 1818 4028 non
1854 3976 2090 4043 lingualis
2126 3982 2181 4029 et
2216 3976 2464 4042 dentalis3
2517 3980 2612 4031 sed

553 4065 798 4136 solarium
848 4085 962 4123 eam
1010 4069 1182 4136 legem
1235 4067 1374 4136 apud
1418 4067 1688 4119 nonnullos
1721 4068 1881 4140 ‚sequi
1926 4074 2107 4120 auctor
2152 4074 2232 4121 est
2265 4069 2444 4135 Aryda
2477 4088 2529 4139 p.
2556 4071 2607 4122 8.

552 4181 724 4247 Atque
758 4180 841 4232 vel
890 4181 942 4233 in
979 4180 1191 4233 Korano
1242 4212 1291 4272 ἶ
1314 4191 1347 4237 3
1400 4179 1592 4231 similes
1628 4176 1877 4231 habentur
1923 4179 2101 4232 literae
2117 4218 2135 4245 ‚
2194 4186 2258 4233 ut
2295 4181 2519 4249 legendo
2555 4213 2606 4272 ε

550 4291 856 4360 duplicanda
907 4293 977 4345 sit
1027 4293 1075 4357 S.
1118 4296 1236 4345 131.
1342 4292 1526 4344 Latius
1594 4296 1767 4342 autem
1843 4297 2083 4358 serpente
2137 4292 2498 4361 depravatione
2546 4273 2629 4352 ὅ

551 4383 705 4436 etiam
739 4383 942 4436 mollins
972 4385 1229 4438 nonnullis
1264 4383 1358 4435 sch
1392 4382 1544 4436 hodie
1579 4385 1970 4451 pronunciatur,
2005 4390 2065 4437 nt
2098 4385 2234 4455 apud
2267 4392 2470 4439 veteres
2498 4384 2608 4451 jam
