<?xml version="1.0" encoding="UTF-8"?>
<!DOCTYPE html PUBLIC "-//W3C//DTD XHTML 1.0 Transitional//EN"
    "http://www.w3.org/TR/xhtml1/DTD/xhtml1-transitional.dtd">
<html xmlns="http://www.w3.org/1999/xhtml" xml:lang="en" lang="en">
 <head>
  <title>
</title>
<meta http-equiv="Content-Type" content="text/html;charset=utf-8" />
  <meta name='ocr-system' content='tesseract 3.04.00' />
  <meta name='ocr-capabilities' content='ocr_page ocr_carea ocr_par ocr_line ocrx_word'/>
</head>
<body>
  <div class='ocr_page' id='page_1' title='image "./grammaticacriti00ewalgoog_0028.png"; bbox 0 0 2984 4959; ppageno 0'>
   <div class='ocr_carea' id='block_1_1' title="bbox 302 2079 371 2128">
    <p class='ocr_par' dir='ltr' id='par_1_1' title="bbox 302 2079 371 2128">
     <span class='ocr_line' id='line_1_1' title="bbox 302 2079 371 2128; baseline -0.014 0"><span class='ocrx_word' id='word_1_1' title='bbox 302 2079 371 2128; x_wconf 81' lang='lat'><strong>21</strong></span> 
     </span>
    </p>
   </div>
   <div class='ocr_carea' id='block_1_2' title="bbox 425 331 1823 453">
    <p class='ocr_par' dir='ltr' id='par_1_2' title="bbox 425 331 1823 453">
     <span class='ocr_line' id='line_1_2' title="bbox 425 331 1823 453; baseline 0.002 -25"><span class='ocrx_word' id='word_1_2' title='bbox 425 370 525 439; x_wconf 79' lang='lat'><strong>14</strong></span> <span class='ocrx_word' id='word_1_3' title='bbox 1238 331 1244 336; x_wconf 32' lang='lat'><strong>⁴</strong></span> <span class='ocrx_word' id='word_1_4' title='bbox 1273 356 1823 453; x_wconf 83' lang='lat' dir='ltr'><strong>Prolegomena.</strong></span> 
     </span>
    </p>
   </div>
   <div class='ocr_carea' id='block_1_3' title="bbox 409 539 2779 1997">
    <p class='ocr_par' dir='ltr' id='par_1_3' title="bbox 409 539 2779 1884">
     <span class='ocr_line' id='line_1_3' title="bbox 409 539 2697 634; baseline 0.003 -26"><span class='ocrx_word' id='word_1_5' title='bbox 409 543 595 634; x_wconf 91' lang='lat' dir='ltr'><strong>jussu</strong></span> <span class='ocrx_word' id='word_1_6' title='bbox 641 539 1014 608; x_wconf 83' lang='lat' dir='ltr'><strong>authentico·</strong></span> <span class='ocrx_word' id='word_1_7' title='bbox 1052 540 1349 610; x_wconf 84' lang='lat' dir='ltr'><strong>derivatis</strong></span> <span class='ocrx_word' id='word_1_8' title='bbox 1392 543 1790 632; x_wconf 78' lang='lat' dir='ltr'><strong>conspicuus,</strong></span> <span class='ocrx_word' id='word_1_9' title='bbox 1875 543 2046 611; x_wconf 89' lang='lat' dir='ltr'><strong>Nam</strong></span> <span class='ocrx_word' id='word_1_10' title='bbox 2091 543 2434 612; x_wconf 86' lang='lat' dir='ltr'><strong>lectionum</strong></span> <span class='ocrx_word' id='word_1_11' title='bbox 2469 546 2697 614; x_wconf 87' lang='lat' dir='ltr'><strong>harum</strong></span> 
     </span>
     <span class='ocr_line' id='line_1_4' title="bbox 419 655 2779 748; baseline 0.002 -25"><span class='ocrx_word' id='word_1_12' title='bbox 419 656 792 723; x_wconf 81' lang='lat' dir='ltr'>variantium</span> <span class='ocrx_word' id='word_1_13' title='bbox 855 655 995 725; x_wconf 87' lang='lat' dir='ltr'><strong>fons</strong></span> <span class='ocrx_word' id='word_1_14' title='bbox 1055 656 1119 721; x_wconf 88' lang='lat' dir='ltr'><strong>in</strong></span> <span class='ocrx_word' id='word_1_15' title='bbox 1159 656 1351 724; x_wconf 89' lang='lat' dir='ltr'><strong>literis</strong></span> <span class='ocrx_word' id='word_1_16' title='bbox 1398 658 1793 745; x_wconf 88' lang='lat' dir='ltr'><strong>potissimum</strong></span> <span class='ocrx_word' id='word_1_17' title='bbox 1834 659 2104 725; x_wconf 75' lang='lat' dir='ltr'><strong>vertitur</strong></span> <span class='ocrx_word' id='word_1_18' title='bbox 2152 658 2400 726; x_wconf 79' lang='lat' dir='ltr'><strong>diverse</strong></span> <span class='ocrx_word' id='word_1_19' title='bbox 2440 682 2562 748; x_wconf 89' lang='lat' dir='ltr'><strong>pro</strong></span> <span class='ocrx_word' id='word_1_20' title='bbox 2603 660 2700 727; x_wconf 87' lang='lat' dir='ltr'><strong>di-</strong></span> <span class='ocrx_word' id='word_1_21' title='bbox 2770 735 2779 744; x_wconf 55' lang='grc'><strong>,</strong></span> 
     </span>
     <span class='ocr_line' id='line_1_5' title="bbox 421 768 2699 858; baseline 0.002 -22"><span class='ocrx_word' id='word_1_22' title='bbox 421 793 606 837; x_wconf 83' lang='lat' dir='ltr'><strong>versa</strong></span> <span class='ocrx_word' id='word_1_23' title='bbox 658 769 902 841; x_wconf 84' lang='lat' dir='ltr'><strong>lectura</strong></span> <span class='ocrx_word' id='word_1_24' title='bbox 960 768 1096 855; x_wconf 81' lang='lat' dir='ltr'><strong>(vel</strong></span> <span class='ocrx_word' id='word_1_25' title='bbox 1163 769 1362 858; x_wconf 86' lang='lat' dir='ltr'><strong>signis</strong></span> <span class='ocrx_word' id='word_1_26' title='bbox 1429 769 1806 857; x_wconf 82' lang='lat' dir='ltr'><strong>diacriticis)</strong></span> <span class='ocrx_word' id='word_1_27' title='bbox 1874 772 2368 858; x_wconf 88' lang='lat' dir='ltr'><strong>pronunciandis</strong></span> <span class='ocrx_word' id='word_1_28' title='bbox 2386 824 2405 852; x_wconf 95' lang='lat'><strong>,</strong></span> <span class='ocrx_word' id='word_1_29' title='bbox 2489 784 2561 840; x_wconf 93' lang='lat' dir='ltr'><strong>ut</strong></span> <span class='ocrx_word' id='word_1_30' title='bbox 2619 795 2699 840; x_wconf 85' lang='lat' dir='ltr'><strong>ex</strong></span> 
     </span>
     <span class='ocr_line' id='line_1_6' title="bbox 419 882 2700 975; baseline 0.001 -25"><span class='ocrx_word' id='word_1_31' title='bbox 419 882 713 952; x_wconf 80' lang='lat' dir='ltr'><strong>editionis</strong></span> <span class='ocrx_word' id='word_1_32' title='bbox 736 882 1253 970; x_wconf 89' lang='lat' dir='ltr'><strong>Petropolitanae</strong></span> <span class='ocrx_word' id='word_1_33' title='bbox 1290 885 1582 972; x_wconf 79' lang='lat' dir='ltr'><strong>margine</strong></span> <span class='ocrx_word' id='word_1_34' title='bbox 1625 885 2219 975; x_wconf 87' lang='lat' dir='ltr'><strong>commentariisque</strong></span> <span class='ocrx_word' id='word_1_35' title='bbox 2259 887 2324 952; x_wconf 87' lang='lat' dir='ltr'><strong>in</strong></span> <span class='ocrx_word' id='word_1_36' title='bbox 2364 887 2700 953; x_wconf 87' lang='lat' dir='ltr'><strong>Koranum</strong></span> 
     </span>
     <span class='ocr_line' id='line_1_7' title="bbox 418 997 2698 1089; baseline 0.001 -26"><span class='ocrx_word' id='word_1_37' title='bbox 418 997 709 1065; x_wconf 90' lang='lat' dir='ltr'><strong>omnibus</strong></span> <span class='ocrx_word' id='word_1_38' title='bbox 767 1007 1032 1064; x_wconf 91' lang='lat' dir='ltr'><strong>constat.</strong></span> <span class='ocrx_word' id='word_1_39' title='bbox 1151 997 1439 1086; x_wconf 86' lang='lat' dir='ltr'><strong>Fertque</strong></span> <span class='ocrx_word' id='word_1_40' title='bbox 1501 998 1755 1065; x_wconf 83' lang='lat' dir='ltr'><strong>traditio</strong></span> <span class='ocrx_word' id='word_1_41' title='bbox 1814 999 1987 1066; x_wconf 91' lang='lat' dir='ltr'><strong>haud</strong></span> <span class='ocrx_word' id='word_1_42' title='bbox 2049 1001 2326 1067; x_wconf 87' lang='lat' dir='ltr'><strong>obscura</strong></span> <span class='ocrx_word' id='word_1_43' title='bbox 2366 1000 2506 1088; x_wconf 89' lang='lat' dir='ltr'><strong>ipso</strong></span> <span class='ocrx_word' id='word_1_44' title='bbox 2549 1022 2698 1089; x_wconf 83' lang='lat' dir='ltr'><strong>pro-</strong></span> 
     </span>
     <span class='ocr_line' id='line_1_8' title="bbox 422 1108 2772 1200; baseline 0.001 -24"><span class='ocrx_word' id='word_1_45' title='bbox 422 1111 619 1200; x_wconf 88' lang='lat' dir='ltr'><strong>pheta</strong></span> <span class='ocrx_word' id='word_1_46' title='bbox 676 1110 816 1176; x_wconf 86' lang='lat' dir='ltr'><strong>vivo</strong></span> <span class='ocrx_word' id='word_1_47' title='bbox 875 1122 942 1178; x_wconf 89' lang='lat' dir='ltr'><strong>et</strong></span> <span class='ocrx_word' id='word_1_48' title='bbox 1003 1108 1303 1177; x_wconf 82' lang='lat' dir='ltr'><strong>audiente</strong></span> <span class='ocrx_word' id='word_1_49' title='bbox 1340 1111 1586 1177; x_wconf 88' lang='lat' dir='ltr'><strong>Korani</strong></span> <span class='ocrx_word' id='word_1_50' title='bbox 1628 1114 1822 1179; x_wconf 85' lang='lat' dir='ltr'><strong>verba</strong></span> <span class='ocrx_word' id='word_1_51' title='bbox 1862 1115 2057 1181; x_wconf 89' lang='lat' dir='ltr'><strong>multa</strong></span> <span class='ocrx_word' id='word_1_52' title='bbox 2117 1114 2364 1180; x_wconf 79' lang='lat' dir='ltr'><strong>diverse</strong></span> <span class='ocrx_word' id='word_1_53' title='bbox 2408 1137 2448 1179; x_wconf 86' lang='lat' dir='ltr'><strong>a</strong></span> <span class='ocrx_word' id='word_1_54' title='bbox 2491 1112 2698 1179; x_wconf 86' lang='lat' dir='ltr'><strong>diver-</strong></span> <span class='ocrx_word' id='word_1_55' title='bbox 2764 1153 2772 1159; x_wconf 91' lang='lat'>-</span> 
     </span>
     <span class='ocr_line' id='line_1_9' title="bbox 421 1223 2698 1316; baseline 0.001 -22"><span class='ocrx_word' id='word_1_56' title='bbox 421 1227 509 1294; x_wconf 85' lang='lat' dir='ltr'><strong>sis</strong></span> <span class='ocrx_word' id='word_1_57' title='bbox 548 1223 718 1293; x_wconf 89' lang='lat' dir='ltr'><strong>lecta</strong></span> <span class='ocrx_word' id='word_1_58' title='bbox 760 1247 903 1292; x_wconf 88' lang='lat' dir='ltr'><strong>esse</strong></span> <span class='ocrx_word' id='word_1_59' title='bbox 947 1224 1034 1310; x_wconf 87' lang='lat'><strong>¹).</strong></span> <span class='ocrx_word' id='word_1_60' title='bbox 1135 1223 1583 1311; x_wconf 83' lang='lat' dir='ltr'><strong>Quadraginta</strong></span> <span class='ocrx_word' id='word_1_61' title='bbox 1640 1247 1791 1291; x_wconf 80' lang='lat' dir='ltr'><strong>vero</strong></span> <span class='ocrx_word' id='word_1_62' title='bbox 1848 1225 2178 1293; x_wconf 90' lang='lat' dir='ltr'><strong>Islamismi</strong></span> <span class='ocrx_word' id='word_1_63' title='bbox 2236 1228 2413 1294; x_wconf 88' lang='lat' dir='ltr'><strong>annis</strong></span> <span class='ocrx_word' id='word_1_64' title='bbox 2471 1228 2698 1316; x_wconf 78' lang='lat' dir='ltr'><strong>elapsis</strong></span> 
     </span>
     <span class='ocr_line' id='line_1_10' title="bbox 420 1337 2697 1430; baseline 0.001 -25"><span class='ocrx_word' id='word_1_65' title='bbox 420 1338 743 1428; x_wconf 80' lang='lat' dir='ltr'><strong>paullatim</strong></span> <span class='ocrx_word' id='word_1_66' title='bbox 800 1339 987 1425; x_wconf 90' lang='lat' dir='ltr'><strong>signa</strong></span> <span class='ocrx_word' id='word_1_67' title='bbox 1045 1338 1371 1406; x_wconf 87' lang='lat' dir='ltr'><strong>diacritica</strong></span> <span class='ocrx_word' id='word_1_68' title='bbox 1423 1337 1732 1426; x_wconf 89' lang='lat' dir='ltr'><strong>adspersa</strong></span> <span class='ocrx_word' id='word_1_69' title='bbox 1773 1351 1954 1422; x_wconf 82' lang='lat' dir='ltr'><strong>sunt3</strong></span> <span class='ocrx_word' id='word_1_70' title='bbox 2018 1339 2083 1406; x_wconf 91' lang='lat' dir='ltr'><strong>in</strong></span> <span class='ocrx_word' id='word_1_71' title='bbox 2129 1342 2379 1408; x_wconf 88' lang='lat' dir='ltr'><strong>Kuficis</strong></span> <span class='ocrx_word' id='word_1_72' title='bbox 2422 1341 2697 1430; x_wconf 85' lang='lat' dir='ltr'><strong>reliquiis</strong></span> 
     </span>
     <span class='ocr_line' id='line_1_11' title="bbox 419 1449 2700 1540; baseline 0.001 -21"><span class='ocrx_word' id='word_1_73' title='bbox 419 1453 629 1520; x_wconf 88' lang='lat' dir='ltr'><strong>multis</strong></span> <span class='ocrx_word' id='word_1_74' title='bbox 673 1452 841 1517; x_wconf 91' lang='lat' dir='ltr'><strong>nulla</strong></span> <span class='ocrx_word' id='word_1_75' title='bbox 902 1461 1308 1537; x_wconf 83' lang='lat' dir='ltr'><strong>comparent,</strong></span> <span class='ocrx_word' id='word_1_76' title='bbox 1369 1449 1434 1515; x_wconf 86' lang='lat' dir='ltr'><strong>iu</strong></span> <span class='ocrx_word' id='word_1_77' title='bbox 1488 1450 1624 1518; x_wconf 88' lang='lat' dir='ltr'><strong>aliis</strong></span> <span class='ocrx_word' id='word_1_78' title='bbox 1679 1473 2041 1540; x_wconf 87' lang='lat' dir='ltr'><strong>perpauca,</strong></span> <span class='ocrx_word' id='word_1_79' title='bbox 2100 1454 2209 1520; x_wconf 89' lang='lat' dir='ltr'><strong>ubi</strong></span> <span class='ocrx_word' id='word_1_80' title='bbox 2249 1454 2523 1520; x_wconf 81' lang='lat' dir='ltr'><strong>maxime</strong></span> <span class='ocrx_word' id='word_1_81' title='bbox 2565 1454 2700 1521; x_wconf 86' lang='lat' dir='ltr'><strong>visa</strong></span> 
     </span>
     <span class='ocr_line' id='line_1_12' title="bbox 418 1563 2698 1656; baseline 0 -21"><span class='ocrx_word' id='word_1_82' title='bbox 418 1580 570 1635; x_wconf 85' lang='lat' dir='ltr'><strong>sunt</strong></span> <span class='ocrx_word' id='word_1_83' title='bbox 629 1565 984 1633; x_wconf 86' lang='lat' dir='ltr'><strong>necessaria</strong></span> <span class='ocrx_word' id='word_1_84' title='bbox 1030 1564 1139 1649; x_wconf 84' lang='lat'><strong>²),</strong></span> <span class='ocrx_word' id='word_1_85' title='bbox 1214 1563 1279 1628; x_wconf 91' lang='lat' dir='ltr'><strong>in</strong></span> <span class='ocrx_word' id='word_1_86' title='bbox 1348 1563 1482 1630; x_wconf 88' lang='lat' dir='ltr'><strong>aliis</strong></span> <span class='ocrx_word' id='word_1_87' title='bbox 1551 1564 1753 1652; x_wconf 89' lang='lat' dir='ltr'><strong>iisque</strong></span> <span class='ocrx_word' id='word_1_88' title='bbox 1820 1566 2278 1638; x_wconf 88' lang='lat' dir='ltr'><strong>recentioribus</strong></span> <span class='ocrx_word' id='word_1_89' title='bbox 2350 1568 2534 1656; x_wconf 87' lang='lat' dir='ltr'><strong>plura</strong></span> <span class='ocrx_word' id='word_1_90' title='bbox 2602 1568 2698 1635; x_wconf 87' lang='lat' dir='ltr'><strong>vel</strong></span> 
     </span>
     <span class='ocr_line' id='line_1_13' title="bbox 421 1677 2698 1766; baseline 0 -19"><span class='ocrx_word' id='word_1_91' title='bbox 421 1680 633 1747; x_wconf 86' lang='lat' dir='ltr'><strong>omnia</strong></span> <span class='ocrx_word' id='word_1_92' title='bbox 678 1679 769 1765; x_wconf 84' lang='lat'><strong>³).</strong></span> <span class='ocrx_word' id='word_1_93' title='bbox 872 1680 1292 1766; x_wconf 90' lang='lat' dir='ltr'><strong>Fueruntque</strong></span> <span class='ocrx_word' id='word_1_94' title='bbox 1342 1678 1528 1765; x_wconf 89' lang='lat' dir='ltr'><strong>signa</strong></span> <span class='ocrx_word' id='word_1_95' title='bbox 1585 1677 1747 1744; x_wconf 91' lang='lat' dir='ltr'><strong>haec</strong></span> <span class='ocrx_word' id='word_1_96' title='bbox 1787 1679 2072 1766; x_wconf 88' lang='lat' dir='ltr'><strong>primitus</strong></span> <span class='ocrx_word' id='word_1_97' title='bbox 2112 1680 2314 1748; x_wconf 90' lang='lat' dir='ltr'><strong>lineae</strong></span> <span class='ocrx_word' id='word_1_98' title='bbox 2358 1692 2582 1750; x_wconf 62' lang='lat' dir='ltr'><strong>tenues</strong></span> <span class='ocrx_word' id='word_1_99' title='bbox 2617 1681 2698 1749; x_wconf 76' lang='lat' dir='ltr'><strong>,li-</strong></span> 
     </span>
     <span class='ocr_line' id='line_1_14' title="bbox 421 1790 2698 1884; baseline 0 -19"><span class='ocrx_word' id='word_1_100' title='bbox 421 1798 575 1865; x_wconf 84' lang='lat' dir='ltr'><strong>teris</strong></span> <span class='ocrx_word' id='word_1_101' title='bbox 619 1795 948 1884; x_wconf 88' lang='lat' dir='ltr'><strong>appictae,</strong></span> <span class='ocrx_word' id='word_1_102' title='bbox 1000 1804 1074 1862; x_wconf 91' lang='lat' dir='ltr'><strong>ut</strong></span> <span class='ocrx_word' id='word_1_103' title='bbox 1108 1807 1169 1874; x_wconf 73' lang='lat'><strong>³,</strong></span> <span class='ocrx_word' id='word_1_104' title='bbox 1225 1790 1303 1874; x_wconf 73' lang='lat'><strong>123</strong></span> <span class='ocrx_word' id='word_1_105' title='bbox 1364 1792 1481 1860; x_wconf 87' lang='lat' dir='ltr'><strong>sed</strong></span> <span class='ocrx_word' id='word_1_106' title='bbox 1535 1791 1599 1857; x_wconf 90' lang='lat' dir='ltr'><strong>in</strong></span> <span class='ocrx_word' id='word_1_107' title='bbox 1657 1792 1974 1880; x_wconf 87' lang='lat' dir='ltr'><strong>scriptura</strong></span> <span class='ocrx_word' id='word_1_108' title='bbox 2011 1793 2288 1875; x_wconf 87' lang='lat' dir='ltr'><strong>Neskhi,</strong></span> <span class='ocrx_word' id='word_1_109' title='bbox 2353 1796 2455 1862; x_wconf 89' lang='lat' dir='ltr'><strong>cui</strong></span> <span class='ocrx_word' id='word_1_110' title='bbox 2494 1794 2698 1865; x_wconf 89' lang='lat' dir='ltr'><strong>lineae</strong></span> 
     </span>
    </p>

    <p class='ocr_par' dir='ltr' id='par_1_4' title="bbox 422 1892 2760 1997">
     <span class='ocr_line' id='line_1_15' title="bbox 422 1892 2760 1997; baseline 0 -20"><span class='ocrx_word' id='word_1_111' title='bbox 422 1910 736 1977; x_wconf 81' lang='lat' dir='ltr'><strong>vocalium</strong></span> <span class='ocrx_word' id='word_1_112' title='bbox 777 1908 987 1997; x_wconf 86' lang='lat' dir='ltr'><strong>potius</strong></span> <span class='ocrx_word' id='word_1_113' title='bbox 1030 1906 1201 1975; x_wconf 87' lang='lat' dir='ltr'><strong>vices</strong></span> <span class='ocrx_word' id='word_1_114' title='bbox 1242 1907 1556 1975; x_wconf 86' lang='lat' dir='ltr'><strong>sustinent</strong></span> <span class='ocrx_word' id='word_1_115' title='bbox 1597 1902 1698 1995; x_wconf 59' lang='grc' dir='ltr'><strong>(ἕ.</strong></span> <span class='ocrx_word' id='word_1_116' title='bbox 1740 1905 1867 1994; x_wconf 86' lang='grc'><strong>21)</strong></span> <span class='ocrx_word' id='word_1_117' title='bbox 1907 1907 1973 1974; x_wconf 89' lang='lat' dir='ltr'><strong>in</strong></span> <span class='ocrx_word' id='word_1_118' title='bbox 2013 1919 2252 1996; x_wconf 89' lang='lat' dir='ltr'><strong>puncta</strong></span> <span class='ocrx_word' id='word_1_119' title='bbox 2293 1909 2528 1977; x_wconf 86' lang='lat' dir='ltr'><strong>abiere.</strong></span> <span class='ocrx_word' id='word_1_120' title='bbox 2753 1892 2760 1898; x_wconf 45' lang='grc'><strong><em>’</em></strong></span> 
     </span>
    </p>
   </div>
   <div class='ocr_carea' id='block_1_4' title="bbox 416 2049 2735 3749">
    <p class='ocr_par' dir='ltr' id='par_1_5' title="bbox 416 2049 2735 3749">
     <span class='ocr_line' id='line_1_16' title="bbox 591 2049 2698 2157; baseline 0 -24"><span class='ocrx_word' id='word_1_121' title='bbox 591 2067 806 2134; x_wconf 87' lang='lat' dir='ltr'><strong>Simile</strong></span> <span class='ocrx_word' id='word_1_122' title='bbox 849 2076 1062 2133; x_wconf 91' lang='lat' dir='ltr'><strong>autem</strong></span> <span class='ocrx_word' id='word_1_123' title='bbox 1103 2077 1519 2154; x_wconf 82' lang='lat' dir='ltr'><strong>augmentum</strong></span> <span class='ocrx_word' id='word_1_124' title='bbox 1566 2066 1881 2155; x_wconf 87' lang='lat' dir='ltr'><strong>scriptura</strong></span> <span class='ocrx_word' id='word_1_125' title='bbox 1925 2065 2045 2132; x_wconf 86' lang='lat' dir='ltr'><strong>alia</strong></span> <span class='ocrx_word' id='word_1_126' title='bbox 2090 2049 2186 2133; x_wconf 39' lang='lat' dir='ltr'><strong>ex·</strong></span> <span class='ocrx_word' id='word_1_127' title='bbox 2214 2067 2460 2135; x_wconf 86' lang='lat' dir='ltr'><strong>ratione</strong></span> <span class='ocrx_word' id='word_1_128' title='bbox 2516 2068 2698 2157; x_wconf 89' lang='lat' dir='ltr'><strong>paul-</strong></span> 
     </span>
     <span class='ocr_line' id='line_1_17' title="bbox 416 2180 2698 2271; baseline -0.002 -22"><span class='ocrx_word' id='word_1_129' title='bbox 416 2183 593 2250; x_wconf 88' lang='lat' dir='ltr'><strong>latim</strong></span> <span class='ocrx_word' id='word_1_130' title='bbox 636 2183 823 2271; x_wconf 84' lang='lat' dir='ltr'><strong>cepit.</strong></span> <span class='ocrx_word' id='word_1_131' title='bbox 920 2182 1076 2250; x_wconf 88' lang='lat' dir='ltr'><strong>Fuit</strong></span> <span class='ocrx_word' id='word_1_132' title='bbox 1131 2182 1296 2248; x_wconf 90' lang='lat' dir='ltr'><strong>enim</strong></span> <span class='ocrx_word' id='word_1_133' title='bbox 1350 2181 1754 2269; x_wconf 85' lang='lat' dir='ltr'><strong>alphabetum</strong></span> <span class='ocrx_word' id='word_1_134' title='bbox 1813 2181 2196 2259; x_wconf 88' lang='lat' dir='ltr'><strong>semiticum,</strong></span> <span class='ocrx_word' id='word_1_135' title='bbox 2264 2180 2441 2270; x_wconf 89' lang='lat' dir='ltr'><strong>cujus</strong></span> <span class='ocrx_word' id='word_1_136' title='bbox 2486 2202 2698 2246; x_wconf 86' lang='lat' dir='ltr'><strong>exem-</strong></span> 
     </span>
     <span class='ocr_line' id='line_1_18' title="bbox 418 2293 2697 2388; baseline -0.002 -25"><span class='ocrx_word' id='word_1_137' title='bbox 418 2298 558 2388; x_wconf 89' lang='lat' dir='ltr'><strong>plar</strong></span> <span class='ocrx_word' id='word_1_138' title='bbox 618 2298 861 2363; x_wconf 85' lang='lat' dir='ltr'><strong>Arabes</strong></span> <span class='ocrx_word' id='word_1_139' title='bbox 917 2296 1070 2363; x_wconf 88' lang='lat' dir='ltr'><strong>satis</strong></span> <span class='ocrx_word' id='word_1_140' title='bbox 1135 2295 1460 2382; x_wconf 88' lang='lat' dir='ltr'><strong>integrum</strong></span> <span class='ocrx_word' id='word_1_141' title='bbox 1519 2294 1821 2362; x_wconf 89' lang='lat' dir='ltr'><strong>traditum</strong></span> <span class='ocrx_word' id='word_1_142' title='bbox 1876 2303 2298 2385; x_wconf 87' lang='lat' dir='ltr'><strong>acceperunt,</strong></span> <span class='ocrx_word' id='word_1_143' title='bbox 2343 2293 2697 2382; x_wconf 87' lang='lat' dir='ltr'><strong>antiquissi-</strong></span> 
     </span>
     <span class='ocr_line' id='line_1_19' title="bbox 418 2399 2697 2501; baseline -0.001 -23"><span class='ocrx_word' id='word_1_144' title='bbox 418 2435 594 2478; x_wconf 92' lang='lat' dir='ltr'><strong>mum</strong></span> <span class='ocrx_word' id='word_1_145' title='bbox 651 2410 991 2501; x_wconf 86' lang='lat' dir='ltr'><strong>simplicius</strong></span> <span class='ocrx_word' id='word_1_146' title='bbox 1036 2418 1107 2476; x_wconf 88' lang='lat' dir='ltr'><strong>et</strong></span> <span class='ocrx_word' id='word_1_147' title='bbox 1140 2399 1330 2497; x_wconf 87' lang='lat' dir='ltr'><strong>paulo</strong></span> <span class='ocrx_word' id='word_1_148' title='bbox 1371 2408 1702 2491; x_wconf 85' lang='lat' dir='ltr'><strong>incultius,</strong></span> <span class='ocrx_word' id='word_1_149' title='bbox 1754 2432 1883 2475; x_wconf 91' lang='lat' dir='ltr'><strong>non</strong></span> <span class='ocrx_word' id='word_1_150' title='bbox 1934 2432 2153 2476; x_wconf 89' lang='lat' dir='ltr'><strong>omnes</strong></span> <span class='ocrx_word' id='word_1_151' title='bbox 2196 2430 2387 2475; x_wconf 90' lang='lat' dir='ltr'><strong>sonos</strong></span> <span class='ocrx_word' id='word_1_152' title='bbox 2430 2408 2697 2475; x_wconf 72' lang='lat' dir='ltr'><strong>exactis-</strong></span> 
     </span>
     <span class='ocr_line' id='line_1_20' title="bbox 417 2517 2698 2614; baseline -0.002 -21"><span class='ocrx_word' id='word_1_153' title='bbox 417 2527 575 2594; x_wconf 86' lang='lat' dir='ltr'><strong>sime</strong></span> <span class='ocrx_word' id='word_1_154' title='bbox 618 2526 1016 2614; x_wconf 78' lang='lat' dir='ltr'><strong>exprimens,</strong></span> <span class='ocrx_word' id='word_1_155' title='bbox 1060 2517 1178 2589; x_wconf 86' lang='lat' dir='ltr'><strong>sed</strong></span> <span class='ocrx_word' id='word_1_156' title='bbox 1216 2523 1307 2590; x_wconf 89' lang='lat' dir='ltr'><strong>ita</strong></span> <span class='ocrx_word' id='word_1_157' title='bbox 1346 2533 1420 2590; x_wconf 91' lang='lat' dir='ltr'><strong>ut</strong></span> <span class='ocrx_word' id='word_1_158' title='bbox 1459 2523 1718 2608; x_wconf 89' lang='lat' dir='ltr'><strong>linguae</strong></span> <span class='ocrx_word' id='word_1_159' title='bbox 1770 2522 2024 2608; x_wconf 86' lang='lat' dir='ltr'><strong>gnaris,</strong></span> <span class='ocrx_word' id='word_1_160' title='bbox 2085 2523 2137 2587; x_wconf 91' lang='lat' dir='ltr'><strong>si</strong></span> <span class='ocrx_word' id='word_1_161' title='bbox 2179 2523 2426 2609; x_wconf 89' lang='lat' dir='ltr'><strong>potiora</strong></span> <span class='ocrx_word' id='word_1_162' title='bbox 2470 2544 2698 2589; x_wconf 86' lang='lat' dir='ltr'><strong>vocum</strong></span> 
     </span>
     <span class='ocr_line' id='line_1_21' title="bbox 419 2635 2695 2724; baseline -0.002 -18"><span class='ocrx_word' id='word_1_163' title='bbox 419 2641 729 2706; x_wconf 87' lang='lat' dir='ltr'><strong>elementa</strong></span> <span class='ocrx_word' id='word_1_164' title='bbox 783 2638 1021 2724; x_wconf 90' lang='lat' dir='ltr'><strong>scripto</strong></span> <span class='ocrx_word' id='word_1_165' title='bbox 1077 2647 1554 2723; x_wconf 87' lang='lat' dir='ltr'><strong>repraesentata</strong></span> <span class='ocrx_word' id='word_1_166' title='bbox 1613 2635 1938 2723; x_wconf 88' lang='lat' dir='ltr'><strong>legerent,</strong></span> <span class='ocrx_word' id='word_1_167' title='bbox 1999 2635 2301 2702; x_wconf 87' lang='lat' dir='ltr'><strong>sufficere</strong></span> <span class='ocrx_word' id='word_1_168' title='bbox 2356 2635 2695 2703; x_wconf 86' lang='lat' dir='ltr'><strong>videretur.</strong></span> 
     </span>
     <span class='ocr_line' id='line_1_22' title="bbox 417 2747 2696 2839; baseline -0.002 -19"><span class='ocrx_word' id='word_1_169' title='bbox 417 2754 517 2822; x_wconf 85' lang='lat' dir='ltr'><strong>Ita</strong></span> <span class='ocrx_word' id='word_1_170' title='bbox 557 2751 809 2818; x_wconf 85' lang='lat' dir='ltr'><strong>vocales</strong></span> <span class='ocrx_word' id='word_1_171' title='bbox 853 2748 1198 2838; x_wconf 87' lang='lat' dir='ltr'><strong>praecipue</strong></span> <span class='ocrx_word' id='word_1_172' title='bbox 1244 2750 1472 2815; x_wconf 86' lang='lat' dir='ltr'><strong>breves</strong></span> <span class='ocrx_word' id='word_1_173' title='bbox 1515 2770 1871 2838; x_wconf 89' lang='lat' dir='ltr'><strong>nunquam,</strong></span> <span class='ocrx_word' id='word_1_174' title='bbox 1916 2747 2152 2836; x_wconf 90' lang='lat' dir='ltr'><strong>longae</strong></span> <span class='ocrx_word' id='word_1_175' title='bbox 2177 2750 2382 2816; x_wconf 87' lang='lat' dir='ltr'><strong>rarius</strong></span> <span class='ocrx_word' id='word_1_176' title='bbox 2420 2750 2696 2839; x_wconf 86' lang='lat' dir='ltr'><strong>scriptae</strong></span> 
     </span>
     <span class='ocr_line' id='line_1_23' title="bbox 420 2860 2695 2952; baseline -0.001 -19"><span class='ocrx_word' id='word_1_177' title='bbox 420 2877 617 2933; x_wconf 89' lang='lat' dir='ltr'><strong>erant.</strong></span> <span class='ocrx_word' id='word_1_178' title='bbox 725 2865 912 2939; x_wconf 83' lang='lat' dir='ltr'><strong>Quae</strong></span> <span class='ocrx_word' id='word_1_179' title='bbox 965 2861 1207 2928; x_wconf 90' lang='lat' dir='ltr'><strong>indoles</strong></span> <span class='ocrx_word' id='word_1_180' title='bbox 1252 2860 1567 2951; x_wconf 83' lang='lat' dir='ltr'><strong>alphabeti</strong></span> <span class='ocrx_word' id='word_1_181' title='bbox 1613 2864 1981 2952; x_wconf 87' lang='lat' dir='ltr'><strong>antiquitate</strong></span> <span class='ocrx_word' id='word_1_182' title='bbox 2001 2935 2007 2943; x_wconf 56' lang='grc'><strong>,</strong></span> <span class='ocrx_word' id='word_1_183' title='bbox 2026 2876 2093 2932; x_wconf 88' lang='lat' dir='ltr'><strong>et</strong></span> <span class='ocrx_word' id='word_1_184' title='bbox 2132 2885 2253 2928; x_wconf 87' lang='lat' dir='ltr'><strong>usu</strong></span> <span class='ocrx_word' id='word_1_185' title='bbox 2298 2874 2551 2930; x_wconf 88' lang='lat' dir='ltr'><strong>sacrata</strong></span> <span class='ocrx_word' id='word_1_186' title='bbox 2592 2887 2695 2930; x_wconf 80' lang='lat' dir='ltr'><strong>se·</strong></span> 
     </span>
     <span class='ocr_line' id='line_1_24' title="bbox 416 2976 2698 3068; baseline -0 -21"><span class='ocrx_word' id='word_1_187' title='bbox 416 2980 549 3046; x_wconf 90' lang='lat' dir='ltr'><strong>rius</strong></span> <span class='ocrx_word' id='word_1_188' title='bbox 592 2976 850 3067; x_wconf 89' lang='lat' dir='ltr'><strong>quidem</strong></span> <span class='ocrx_word' id='word_1_189' title='bbox 893 2996 1145 3065; x_wconf 87' lang='lat' dir='ltr'><strong>semper</strong></span> <span class='ocrx_word' id='word_1_190' title='bbox 1177 2976 1407 3042; x_wconf 90' lang='lat' dir='ltr'><strong>mansit</strong></span> <span class='ocrx_word' id='word_1_191' title='bbox 1439 2976 1709 3044; x_wconf 85' lang='lat' dir='ltr'><strong>intacta:</strong></span> <span class='ocrx_word' id='word_1_192' title='bbox 1754 2976 1871 3068; x_wconf 86' lang='lat' dir='ltr'><strong>sed</strong></span> <span class='ocrx_word' id='word_1_193' title='bbox 1917 2977 2209 3043; x_wconf 88' lang='lat' dir='ltr'><strong>defectus</strong></span> <span class='ocrx_word' id='word_1_194' title='bbox 2254 2977 2390 3066; x_wconf 91' lang='lat' dir='ltr'><strong>ejus</strong></span> <span class='ocrx_word' id='word_1_195' title='bbox 2429 2989 2589 3067; x_wconf 89' lang='lat' dir='ltr'><strong>quot</strong></span> <span class='ocrx_word' id='word_1_196' title='bbox 2632 2988 2698 3046; x_wconf 91' lang='lat' dir='ltr'><strong>et</strong></span> 
     </span>
     <span class='ocr_line' id='line_1_25' title="bbox 422 3090 2697 3183; baseline -0.002 -24"><span class='ocrx_word' id='word_1_197' title='bbox 422 3093 641 3183; x_wconf 89' lang='lat' dir='ltr'><strong>quanti</strong></span> <span class='ocrx_word' id='word_1_198' title='bbox 683 3092 804 3159; x_wconf 88' lang='lat' dir='ltr'><strong>sint</strong></span> <span class='ocrx_word' id='word_1_199' title='bbox 845 3101 981 3157; x_wconf 90' lang='lat' dir='ltr'><strong>tum</strong></span> <span class='ocrx_word' id='word_1_200' title='bbox 1022 3090 1368 3179; x_wconf 87' lang='lat' dir='ltr'><strong>praecipue</strong></span> <span class='ocrx_word' id='word_1_201' title='bbox 1413 3092 1650 3179; x_wconf 87' lang='lat' dir='ltr'><strong>optime</strong></span> <span class='ocrx_word' id='word_1_202' title='bbox 1694 3091 1927 3159; x_wconf 87' lang='lat' dir='ltr'><strong>sentire</strong></span> <span class='ocrx_word' id='word_1_203' title='bbox 1966 3101 2318 3181; x_wconf 89' lang='lat' dir='ltr'><strong>coeperunt</strong></span> <span class='ocrx_word' id='word_1_204' title='bbox 2357 3090 2697 3170; x_wconf 68' lang='lat' dir='ltr'><strong>Islamitici4</strong></span> 
     </span>
     <span class='ocr_line' id='line_1_26' title="bbox 422 3203 2735 3295; baseline -0 -22"><span class='ocrx_word' id='word_1_205' title='bbox 422 3229 572 3274; x_wconf 84' lang='lat' dir='ltr'><strong>cum</strong></span> <span class='ocrx_word' id='word_1_206' title='bbox 630 3207 934 3273; x_wconf 87' lang='lat' dir='ltr'><strong>Koranus</strong></span> <span class='ocrx_word' id='word_1_207' title='bbox 996 3203 1162 3272; x_wconf 90' lang='lat' dir='ltr'><strong>inter</strong></span> <span class='ocrx_word' id='word_1_208' title='bbox 1226 3215 1457 3291; x_wconf 85' lang='lat' dir='ltr'><strong>gentes</strong></span> <span class='ocrx_word' id='word_1_209' title='bbox 1525 3205 1901 3295; x_wconf 84' lang='lat' dir='ltr'><strong>peregrinas</strong></span> <span class='ocrx_word' id='word_1_210' title='bbox 1964 3205 2313 3273; x_wconf 85' lang='lat' dir='ltr'><strong>Islamismo</strong></span> <span class='ocrx_word' id='word_1_211' title='bbox 2377 3206 2735 3295; x_wconf 78' lang='lat' dir='ltr'><strong>subjectas</strong></span> 
     </span>
     <span class='ocr_line' id='line_1_27' title="bbox 418 3303 2696 3407; baseline -0.002 -21"><span class='ocrx_word' id='word_1_212' title='bbox 418 3303 733 3407; x_wconf 88' lang='lat' dir='ltr'><strong>legendus</strong></span> <span class='ocrx_word' id='word_1_213' title='bbox 806 3328 872 3384; x_wconf 90' lang='lat' dir='ltr'><strong>et</strong></span> <span class='ocrx_word' id='word_1_214' title='bbox 923 3316 1435 3406; x_wconf 89' lang='lat' dir='ltr'><strong>interpretandus</strong></span> <span class='ocrx_word' id='word_1_215' title='bbox 1497 3329 1700 3401; x_wconf 84' lang='lat' dir='ltr'><strong>esset3</strong></span> <span class='ocrx_word' id='word_1_216' title='bbox 1771 3317 1898 3384; x_wconf 91' lang='lat' dir='ltr'><strong>hae</strong></span> <span class='ocrx_word' id='word_1_217' title='bbox 1967 3318 2133 3384; x_wconf 90' lang='lat' dir='ltr'><strong>enim</strong></span> <span class='ocrx_word' id='word_1_218' title='bbox 2180 3318 2460 3404; x_wconf 78' lang='lat' dir='ltr'><strong>,linguae</strong></span> <span class='ocrx_word' id='word_1_219' title='bbox 2500 3316 2696 3404; x_wconf 85' lang='lat' dir='ltr'><strong>ipsius</strong></span> 
     </span>
     <span class='ocr_line' id='line_1_28' title="bbox 422 3428 2699 3519; baseline -0.003 -18"><span class='ocrx_word' id='word_1_220' title='bbox 422 3456 614 3502; x_wconf 80' lang='lat' dir='ltr'><strong>sensu</strong></span> <span class='ocrx_word' id='word_1_221' title='bbox 670 3431 879 3499; x_wconf 81' lang='lat' dir='ltr'><strong>nativo</strong></span> <span class='ocrx_word' id='word_1_222' title='bbox 939 3428 1111 3496; x_wconf 88' lang='lat' dir='ltr'><strong>haud</strong></span> <span class='ocrx_word' id='word_1_223' title='bbox 1173 3430 1457 3497; x_wconf 88' lang='lat' dir='ltr'><strong>imbutae</strong></span> <span class='ocrx_word' id='word_1_224' title='bbox 1497 3430 1765 3519; x_wconf 89' lang='lat' dir='ltr'><strong>usuique</strong></span> <span class='ocrx_word' id='word_1_225' title='bbox 1807 3430 2160 3518; x_wconf 87' lang='lat' dir='ltr'><strong>scripturae</strong></span> <span class='ocrx_word' id='word_1_226' title='bbox 2201 3430 2385 3518; x_wconf 89' lang='lat' dir='ltr'><strong>hujus</strong></span> <span class='ocrx_word' id='word_1_227' title='bbox 2431 3452 2699 3496; x_wconf 88' lang='lat' dir='ltr'><strong>mancae</strong></span> 
     </span>
     <span class='ocr_line' id='line_1_29' title="bbox 424 3542 2694 3633; baseline -0.002 -20"><span class='ocrx_word' id='word_1_228' title='bbox 424 3547 721 3614; x_wconf 87' lang='lat' dir='ltr'><strong>continuo</strong></span> <span class='ocrx_word' id='word_1_229' title='bbox 789 3542 962 3611; x_wconf 88' lang='lat' dir='ltr'><strong>haud</strong></span> <span class='ocrx_word' id='word_1_230' title='bbox 1026 3554 1321 3610; x_wconf 89' lang='lat' dir='ltr'><strong>assuetae</strong></span> <span class='ocrx_word' id='word_1_231' title='bbox 1374 3544 1651 3611; x_wconf 89' lang='lat' dir='ltr'><strong>immane</strong></span> <span class='ocrx_word' id='word_1_232' title='bbox 1708 3556 2016 3633; x_wconf 88' lang='lat' dir='ltr'><strong>quantum</strong></span> <span class='ocrx_word' id='word_1_233' title='bbox 2074 3544 2138 3609; x_wconf 90' lang='lat' dir='ltr'><strong>in</strong></span> <span class='ocrx_word' id='word_1_234' title='bbox 2190 3543 2462 3610; x_wconf 88' lang='lat' dir='ltr'><strong>lectione</strong></span> <span class='ocrx_word' id='word_1_235' title='bbox 2521 3565 2694 3609; x_wconf 88' lang='lat' dir='ltr'><strong>erra-</strong></span> 
     </span>
     <span class='ocr_line' id='line_1_30' title="bbox 421 3655 2696 3749; baseline -0.002 -21"><span class='ocrx_word' id='word_1_236' title='bbox 421 3670 571 3728; x_wconf 88' lang='lat' dir='ltr'><strong>runt</strong></span> <span class='ocrx_word' id='word_1_237' title='bbox 612 3658 709 3749; x_wconf 81' lang='lat'><strong>⁴).</strong></span> <span class='ocrx_word' id='word_1_238' title='bbox 813 3659 1032 3735; x_wconf 84' lang='lat' dir='ltr'><strong>Quare</strong></span> <span class='ocrx_word' id='word_1_239' title='bbox 1070 3659 1151 3725; x_wconf 90' lang='lat' dir='ltr'><strong>ab</strong></span> <span class='ocrx_word' id='word_1_240' title='bbox 1196 3680 1361 3725; x_wconf 87' lang='lat' dir='ltr'><strong>anno</strong></span> <span class='ocrx_word' id='word_1_241' title='bbox 1406 3657 1545 3728; x_wconf 85' lang='lat' dir='ltr'><strong>fere</strong></span> <span class='ocrx_word' id='word_1_242' title='bbox 1584 3657 1914 3726; x_wconf 88' lang='lat' dir='ltr'><strong>Islamismi</strong></span> <span class='ocrx_word' id='word_1_243' title='bbox 1959 3655 2450 3746; x_wconf 84' lang='lat' dir='ltr'><strong>quadragesimo</strong></span> <span class='ocrx_word' id='word_1_244' title='bbox 2496 3656 2696 3745; x_wconf 85' lang='lat' dir='ltr'><strong>signis</strong></span> 
     </span>
    </p>
   </div>
   <div class='ocr_carea' id='block_1_5' title="bbox 513 3905 2758 4070">
    <p class='ocr_par' dir='ltr' id='par_1_6' title="bbox 513 3905 2758 4070">
     <span class='ocr_line' id='line_1_31' title="bbox 513 3905 2758 3981; baseline -0.002 -16"><span class='ocrx_word' id='word_1_245' title='bbox 513 3914 574 3981; x_wconf 89' lang='lat'><strong>1)</strong></span> <span class='ocrx_word' id='word_1_246' title='bbox 627 3917 863 3981; x_wconf 80' lang='lat' dir='ltr'><strong>spectant</strong></span> <span class='ocrx_word' id='word_1_247' title='bbox 908 3909 1006 3962; x_wconf 87' lang='lat' dir='ltr'><strong>lmc</strong></span> <span class='ocrx_word' id='word_1_248' title='bbox 1055 3909 1355 3963; x_wconf 80' lang='lat' dir='ltr'><strong>traditiones</strong></span> <span class='ocrx_word' id='word_1_249' title='bbox 1404 3912 1610 3980; x_wconf 84' lang='lat' dir='ltr'><strong>plures,</strong></span> <span class='ocrx_word' id='word_1_250' title='bbox 1667 3912 1914 3980; x_wconf 80' lang='lat' dir='ltr'><strong>imprimis</strong></span> <span class='ocrx_word' id='word_1_251' title='bbox 1949 3926 2082 3977; x_wconf 86' lang='lat' dir='ltr'><strong>quae</strong></span> <span class='ocrx_word' id='word_1_252' title='bbox 2118 3909 2381 3961; x_wconf 82' lang='lat' dir='ltr'><strong>Koranum</strong></span> <span class='ocrx_word' id='word_1_253' title='bbox 2416 3905 2700 3975; x_wconf 83' lang='lat' dir='ltr'><strong>prophetae</strong></span> <span class='ocrx_word' id='word_1_254' title='bbox 2753 3946 2758 3950; x_wconf 85' lang='lat'>-</span> 
     </span>
     <span class='ocr_line' id='line_1_32' title="bbox 637 4000 2696 4070; baseline -0.003 -14"><span class='ocrx_word' id='word_1_255' title='bbox 637 4010 690 4057; x_wconf 87' lang='lat' dir='ltr'><strong>et</strong></span> <span class='ocrx_word' id='word_1_256' title='bbox 705 4003 927 4055; x_wconf 82' lang='lat' dir='ltr'><strong>’Otmani</strong></span> <span class='ocrx_word' id='word_1_257' title='bbox 963 4007 1163 4069; x_wconf 84' lang='lat' dir='ltr'><strong>septem</strong></span> <span class='ocrx_word' id='word_1_258' title='bbox 1197 4001 1409 4054; x_wconf 82' lang='lat' dir='ltr'><strong>diversis</strong></span> <span class='ocrx_word' id='word_1_259' title='bbox 1443 4003 1608 4055; x_wconf 82' lang='lat' dir='ltr'><strong>modis</strong></span> <span class='ocrx_word' id='word_1_260' title='bbox 1645 4005 1910 4070; x_wconf 80' lang='lat' dir='ltr'><strong>vulgatum</strong></span> <span class='ocrx_word' id='word_1_261' title='bbox 1945 4018 2058 4054; x_wconf 81' lang='lat' dir='ltr'><strong>esse</strong></span> <span class='ocrx_word' id='word_1_262' title='bbox 2084 4006 2285 4064; x_wconf 86' lang='lat' dir='ltr'><strong>narrat,</strong></span> <span class='ocrx_word' id='word_1_263' title='bbox 2318 4000 2468 4050; x_wconf 65' lang='lat' dir='ltr'><strong>mem.</strong></span> <span class='ocrx_word' id='word_1_264' title='bbox 2506 4016 2556 4067; x_wconf 85' lang='lat' dir='ltr'><strong>p.</strong></span> <span class='ocrx_word' id='word_1_265' title='bbox 2573 4002 2696 4050; x_wconf 83' lang='lat'><strong>334.</strong></span> 
     </span>
    </p>
   </div>
   <div class='ocr_carea' id='block_1_6' title="bbox 506 4102 2697 4251">
    <p class='ocr_par' dir='ltr' id='par_1_7' title="bbox 506 4102 2697 4251">
     <span class='ocr_line' id='line_1_33' title="bbox 506 4102 2697 4179; baseline -0.003 -16"><span class='ocrx_word' id='word_1_266' title='bbox 506 4111 572 4179; x_wconf 79' lang='lat'><strong>2)</strong></span> <span class='ocrx_word' id='word_1_267' title='bbox 630 4115 689 4162; x_wconf 88' lang='lat' dir='ltr'><strong>ut</strong></span> <span class='ocrx_word' id='word_1_268' title='bbox 720 4108 774 4160; x_wconf 83' lang='lat' dir='ltr'><strong>in</strong></span> <span class='ocrx_word' id='word_1_269' title='bbox 809 4107 1098 4173; x_wconf 80' lang='lat' dir='ltr'><strong>fragmento</strong></span> <span class='ocrx_word' id='word_1_270' title='bbox 1130 4106 1395 4176; x_wconf 81' lang='lat' dir='ltr'><strong>splendido</strong></span> <span class='ocrx_word' id='word_1_271' title='bbox 1428 4125 1462 4161; x_wconf 82' lang='lat' dir='ltr'><strong>a</strong></span> <span class='ocrx_word' id='word_1_272' title='bbox 1488 4109 1698 4179; x_wconf 86' lang='lat' dir='ltr'><strong>Koppio</strong></span> <span class='ocrx_word' id='word_1_273' title='bbox 1736 4111 1769 4163; x_wconf 86' lang='grc' dir='ltr'><strong>Ι.</strong></span> <span class='ocrx_word' id='word_1_274' title='bbox 1800 4126 1846 4163; x_wconf 89' lang='lat' dir='ltr'><strong>c.</strong></span> <span class='ocrx_word' id='word_1_275' title='bbox 1883 4111 2090 4177; x_wconf 78' lang='lat' dir='ltr'><strong>vulgato</strong></span> <span class='ocrx_word' id='word_1_276' title='bbox 2127 4122 2230 4159; x_wconf 86' lang='lat' dir='ltr'><strong>non</strong></span> <span class='ocrx_word' id='word_1_277' title='bbox 2265 4105 2360 4158; x_wconf 84' lang='lat' dir='ltr'><strong>uisi</strong></span> <span class='ocrx_word' id='word_1_278' title='bbox 2394 4121 2421 4157; x_wconf 66' lang='lat' dir='ltr'><strong>a</strong></span> <span class='ocrx_word' id='word_1_279' title='bbox 2446 4102 2477 4154; x_wconf 86' lang='lat' dir='ltr'><strong>b</strong></span> <span class='ocrx_word' id='word_1_280' title='bbox 2512 4104 2697 4157; x_wconf 82' lang='lat' dir='ltr'><strong>lineam</strong></span> 
     </span>
     <span class='ocr_line' id='line_1_34' title="bbox 631 4197 1231 4251; baseline -0.008 0"><span class='ocrx_word' id='word_1_281' title='bbox 631 4197 877 4251; x_wconf 80' lang='lat' dir='ltr'><strong>infernam</strong></span> <span class='ocrx_word' id='word_1_282' title='bbox 913 4204 1175 4250; x_wconf 84' lang='lat' dir='ltr'><strong>monstrat.</strong></span> <span class='ocrx_word' id='word_1_283' title='bbox 1223 4237 1231 4246; x_wconf 94' lang='lat'><strong>.</strong></span> 
     </span>
    </p>
   </div>
   <div class='ocr_carea' id='block_1_7' title="bbox 510 4306 2007 4500">
    <p class='ocr_par' dir='ltr' id='par_1_8' title="bbox 510 4306 2007 4500">
     <span class='ocr_line' id='line_1_35' title="bbox 510 4306 1328 4378; baseline -0.001 -17"><span class='ocrx_word' id='word_1_284' title='bbox 510 4310 574 4378; x_wconf 81' lang='lat'><strong>3)</strong></span> <span class='ocrx_word' id='word_1_285' title='bbox 624 4314 683 4362; x_wconf 83' lang='lat' dir='ltr'><strong>ut</strong></span> <span class='ocrx_word' id='word_1_286' title='bbox 716 4308 768 4364; x_wconf 86' lang='lat' dir='ltr'><strong>in</strong></span> <span class='ocrx_word' id='word_1_287' title='bbox 803 4306 1100 4374; x_wconf 76' lang='lat' dir='ltr'><strong>fragmentis</strong></span> <span class='ocrx_word' id='word_1_288' title='bbox 1134 4307 1328 4361; x_wconf 86' lang='lat' dir='ltr'><strong>Adleri.</strong></span> 
     </span>
     <span class='ocr_line' id='line_1_36' title="bbox 515 4416 2007 4500; baseline 0.002 -32"><span class='ocrx_word' id='word_1_289' title='bbox 515 4417 578 4483; x_wconf 86' lang='lat'><strong>4)</strong></span> <span class='ocrx_word' id='word_1_290' title='bbox 614 4432 663 4470; x_wconf 85' lang='lat' dir='ltr'><strong>v.</strong></span> <span class='ocrx_word' id='word_1_291' title='bbox 697 4416 1015 4471; x_wconf 73' lang='lat' dir='ltr'><strong>narrationes</strong></span> <span class='ocrx_word' id='word_1_292' title='bbox 1040 4418 1108 4472; x_wconf 82' lang='lat' dir='ltr'><strong>·in</strong></span> <span class='ocrx_word' id='word_1_293' title='bbox 1140 4419 1291 4500; x_wconf 70' lang='lat' dir='ltr'><strong>mem.</strong></span> <span class='ocrx_word' id='word_1_294' title='bbox 1329 4419 1363 4471; x_wconf 93' lang='lat' dir='ltr'><strong>l.</strong></span> <span class='ocrx_word' id='word_1_295' title='bbox 1401 4435 1447 4471; x_wconf 86' lang='lat' dir='ltr'><strong>c.</strong></span> <span class='ocrx_word' id='word_1_296' title='bbox 1485 4435 1536 4486; x_wconf 86' lang='lat' dir='ltr'><strong>p.</strong></span> <span class='ocrx_word' id='word_1_297' title='bbox 1570 4419 1692 4469; x_wconf 81' lang='lat'><strong>324.</strong></span> <span class='ocrx_word' id='word_1_298' title='bbox 1730 4419 2007 4471; x_wconf 65' lang='lat' dir='ltr'><strong>aesalibi.</strong></span> 
     </span>
    </p>
   </div>
  </div>
 </body>
</html>
