2984 4959
423 384 524 452 40
1276 370 1394 441 De
1454 372 1840 443 vocalibus.

323 1034 390 1083 71

329 1816 402 1865 72

428 556 682 642 haeque
737 563 962 620 contra
1020 555 1087 621 in
1139 553 1388 624 vocales
1430 576 1579 624 suas
1626 552 1653 617 i
1697 563 1763 619 et
1801 574 1849 616 u
1891 549 2137 641 possint
2170 553 2417 620 resolvi.
2473 637 2478 642 ‚
2516 556 2600 622 At
2661 579 2704 619 a

428 691 580 749 non⁸
615 650 816 735 habet
871 668 974 732 cui
1027 667 1418 756 respondeat
1471 666 1930 744 semivocalem.
2040 666 2235 741 Quod
2289 649 2552 757 praeter*
2589 645 2706 734 alia

431 784 496 848 in
552 782 956 870 scripturam·
996 804 1255 873 quoque
1296 790 1620 869 *quantum
1678 779 1945 848 valuerit
1987 804 2066 872 eit
2109 778 2178 871 §-
2208 783 2465 849 75-77.
2511 804 2706 870 appa·
2781 761 2802 784 Ι

433 896 616 962 rebit.
1488 983 1493 990 .
1669 979 1674 984 Δ

609 1016 942 1088 Vocalium
1006 1025 1220 1094 autem
1282 1013 1477 1082 trium
1537 1010 1848 1094 brevium
1900 1011 1969 1078 id
2032 1023 2132 1082 est
2174 1012 2513 1081 discrimen
2551 1024 2625 1082 ut
2661 1036 2711 1077 a

441 1128 680 1205 vocalis
722 1129 804 1196 sit
843 1129 1122 1197 omnium
1162 1128 1453 1216 proxima
1496 1136 1562 1194 et
1604 1123 1974 1207 fortissima,
2019 1128 2197 1218 cujus
2240 1152 2433 1196 sonus
2461 1128 2714 1195 omnino

439 1265 560 1334 per
599 1253 802 1312 totam
840 1243 1126 1331 linguam
1167 1253 1305 1308 tum
1346 1242 1431 1306 ab
1473 1239 1725 1335 origine
1763 1242 2114 1327 praevaluit
2136 1252 2290 1317 ‚tum
2328 1243 2393 1308 in
2435 1242 2713 1322 arabica,

441 1356 642 1450 qualis
696 1379 866 1423 nunc
924 1367 1056 1438 est,
1127 1353 1349 1442 lingua
1407 1352 1781 1422 dominatur.
1898 1356 2042 1431 Qua
2098 1354 2353 1446 quidem
2397 1359 2479 1422 ab
2522 1356 2718 1423 altera

439 1449 648 1562 parte¹
669 1474 699 1537 i
714 1545 719 1552 ὁ
741 1482 844 1539 est
878 1470 1165 1539 subtilior
1205 1466 1647 1558 pressiorque‚
1707 1466 1880 1534 unde
1922 1493 2000 1535 ea
2037 1457 2439 1540 brevissimae
2481 1467 2714 1536 vocalis

442 1586 567 1652 vim
600 1596 788 1672 ³tenet
844 1587 1291 1678 praecipuam3
1352 1583 1437 1649 ab
1478 1581 1675 1676 altera
1726 1602 1809 1658 ιι,
1863 1602 1901 1643 ο
1947 1583 2277 1654 obscurior
2325 1584 2716 1674 pleniorque,

445 1699 624 1788 cujus
664 1700 730 1765 in
766 1723 993 1765 sonum
1035 1722 1082 1763 a
1125 1695 1507 1786 quibusdam
1548 1694 1613 1759 in
1651 1693 1868 1760 formis
1905 1705 2083 1762 certa
2126 1719 2206 1763 ex
2257 1697 2407 1785 lege
2461 1697 2631 1764 abiit.

542 1881 571 1902 ,a
609 1814 783 1892 Istae
838 1836 988 1880 vero
1049 1810 1336 1890 vocales,
1416 1809 1470 1875 si
1527 1826 1747 1873 omnes
1803 1819 2279 1897 computamus,
2343 1822 2491 1876 octo
2545 1810 2714 1899 (tres

444 1928 705 2006 breves,
769 1937 899 1993 tres
955 1927 1225 2015 longae,
1286 1924 1456 1991 duae
1512 1920 1929 2010 diphthongi)
1985 1922 2168 1988 variis
2229 1924 2467 1990 vicibus
2512 1936 2720 1992 muta»

443 2037 843 2129 tionibusque
911 2043 982 2126 ut
1045 2040 1334 2106 omnibus
1387 2037 1455 2101 in
1506 2036 1739 2123 linguis
1795 2036 1882 2103 ita
1933 2035 1998 2102 in
2051 2036 2336 2104 semitica'i
2391 2048 2538 2118 sunt
2602 2039 2717 2103 ob*

445 2153 691 2220 noxiae.
799 2154 1089 2229 Quarum
1142 2150 1423 2241 quidem·
1457 2160 1674 2216 certae
1726 2160 1872 2219 sunt
1920 2151 2100 2239 leges
2144 2171 2461 2231 summae,
2547 2152 2720 2217 vario

446 2264 640 2332 modo
701 2266 766 2332 in
805 2268 1022 2355 quavis
1070 2267 1289 2354 lingua
1341 2262 1854 2355 cognoscendae.
1960 2265 2127 2331 Sunt
2173 2273 2387 2329 autem
2424 2263 2719 2331 brevibus

446 2377 603 2446 hae:
648 2378 725 2466 1)
768 2381 1022 2450 labente
1058 2380 1278 2468 lingua
1315 2378 1568 2446 vocales
1614 2378 1963 2467 primitivae
2002 2378 2424 2465 fortioresque
2465 2378 2531 2442 in
2562 2378 2719 2445 mol-

445 2493 635 2564 liores
690 2493 1086 2579 levioresque
1132 2492 1405 2561 detritae
1449 2494 1719 2575 abeunt3
1777 2488 1957 2577 quod
1993 2493 2167 2561 vario
2210 2492 2488 2559 cernitur
2524 2491 2720 2559 modo

448 2607 827 2696 graduque,
883 2607 1187 2696 imprimis
1231 2616 1445 2672 tamen
1487 2615 1932 2694 perpetuoque
1970 2606 2176 2693 magis
2220 2607 2340 2689 ita,
2398 2619 2473 2675 ut
2501 2608 2554 2679 {s
2579 2607 2646 2673 in
2692 2627 2722 2677 ὅ

448 2733 765 2803 transeat,
824 2720 1273 2811 paullatimque
1323 2722 1363 2784 a
1411 2718 1600 2785 etiam
1648 2718 1713 2783 in
1757 2721 1830 2801 ἐς
1872 2738 1900 2788 r
1942 2729 2008 2805 et
2048 2736 2086 2784 ii
2122 2719 2186 2785 in
2230 2741 2259 2790 ἔ
2302 2733 2367 2789 et
2407 2736 2486 2805 53
2539 2721 2721 2811 diph-

378 2821 384 2830 ’
448 2834 676 2923 thongi
716 2847 931 2903 autem
974 2836 1041 2901 in
1083 2856 1275 2900 sonos
1318 2833 1549 2921 longos
1588 2832 1996 2920 simpliciores
2043 2832 2368 2913 diffluant,
2415 2835 2493 2898 <zi
2525 2835 2589 2899 in
2617 2857 2721 2901 ae,

337 3074 346 3083 '
451 3087 490 3128 o
538 3063 702 3144 abit,
768 3085 1131 3149 quanquam
1188 3062 1289 3143 id,
1359 3085 1505 3128 cum
1565 3082 1757 3126 sonus
1813 3082 1941 3125 non
1979 3047 2125 3127 tam*
2153 3058 2481 3127 deteratur
2522 3061 2767 3150 dege-.
2833 3087 2840 3094 ·

438 2972 545 3023 ,aa
574 2949 640 3014 in
686 2945 724 3013 ὁ
777 2948 866 3036 ¹).
965 2948 1047 3036 2)
1093 2950 1305 3015 Sonus
1359 2972 1398 3013 a
1447 2946 1631 3013 altior
1680 2943 2140 3031 dilucidiorque
2183 2945 2246 3011 in
2288 2947 2723 3046 obscuriorem

448 3190 801 3270 neretque‚
873 3200 1065 3267 quam
1120 3179 1397 3245 varietur
1461 3199 1620 3244 sono
1678 3174 1936 3262 paulum
1986 3173 2283 3256 molliori,
2350 3198 2388 3239 e
2429 3175 2728 3243 dialecto-

448 3311 593 3356 rum
635 3291 940 3358 varietate
978 3292 1185 3379 magis
1214 3291 1529 3380 pendeat,
1566 3301 1645 3385 ut
1687 3290 1739 3354 si
1783 3311 1950 3376 quae
1993 3287 2490 3357 dialectus-cum
2531 3302 2727 3378 gente

448 3406 589 3492 ipsa
632 3404 822 3492 paulo
866 3398 1275 3492 sit'asperior
1318 3387 1702 3490 fortiorque,
1768 3424 1994 3468 sonum
2038 3401 2083 3465 ά
2127 3424 2254 3468 non
2303 3404 2578 3470 retinere
2621 3429 2724 3473 so-

447 3518 577 3584 lum
608 3517 853 3607 'ubique
894 3517 1010 3584 sed
1055 3518 1280 3596 etiam,
1323 3516 1434 3582 ubi
1478 3528 1736 3583 ceterae
1779 3537 1859 3580 ex
1902 3513 2151 3601 origine
2195 3519 2358 3584 bene
2390 3522 2430 3584 ὁ
2472 3518 2727 3600 habent,

449 3628 600 3697 huic
641 3634 680 3698 a
722 3631 1104 3700 substituere
1147 3640 1357 3718 queat.
2591 3605 2612 3624 ”

559 3820 622 3887 1)
659 3818 844 3872 Latius
877 3823 1116 3883 serpente
1153 3816 1517 3885 depravatione
1556 3818 1772 3884 quodvis
1807 3837 1867 3884 e,
1921 3826 2030 3873 tum
2063 3822 2219 3873 breve
2252 3827 2362 3874 tum
2396 3821 2640 3887 longum,
2675 3819 2730 3871 in
2751 3797 2764 3810 ⁶

665 3910 686 3959 a·
744 3909 954 3961 dilutius
1003 3907 1237 3962 diffluere
1281 3915 1485 3977 potest,
1556 3916 1615 3963 ut
1670 3909 1901 3961 minaret
1936 3912 1990 3964 in
2024 3911 2275 3963 viatorum
2311 3915 2603 3962 nostrorum
2637 3923 2736 3960 oro⁴

791 3990 826 4025 5,-

664 4063 758 4115 pro
794 4010 959 4130 {lia
982 4091 1001 4110 .
1054 4047 1305 4101 Lectores
1343 4047 1549 4115 quidam
1564 4047 1753 4101 Corani
1764 4066 1863 4117 pro
1895 4050 1932 4101 ὲ
1967 4050 2019 4101 in
2056 4048 2269 4101 vocibus
2304 4013 2610 4112 quibusdam
2654 4042 2729 4102 ia,

1452 4149 1512 4180 Γ,
1556 4167 1580 4180 e

670 4221 734 4254 ae
754 4238 766 4260 ‚
819 4223 847 4255 e
884 4207 992 4273 legi
1018 4206 1236 4273 jubent,
1282 4206 1421 4272 quod
1449 4159 1644 4292 {Hali
1687 4211 1928 4268 vocatur,
1984 4195 2160 4289 utjl3
2199 4219 2359 4265 nezer,
2418 4199 2483 4252 ef.
2521 4198 2645 4252 Not.
2676 4203 2731 4251 et

665 4294 816 4347 Extr.
855 4295 925 4348 Τ.
946 4300 997 4349 9.
1037 4316 1088 4366 p.
1125 4302 1207 4350 18.
1247 4303 1330 4351 19.
1367 4302 1454 4349 55.
1491 4301 1580 4350 87.
1670 4298 1732 4351 Id
1778 4299 1830 4349 in
1875 4298 2139 4364 particulis
2170 4294 2473 4370 praesertim
2505 4292 2731 4355 invaluit,

665 4402 699 4437 a
735 4386 966 4468 plurimis
991 4389 1333 4457 vituperatum
1350 4427 1368 4453 ,
1416 4405 1462 4440 v.
1502 4387 1679 4440 Hariri
1727 4387 1780 4439 in
1826 4387 1985 4452 Sacyi
2017 4385 2155 4454 anth.
2193 4403 2245 4454 p.
2273 4395 2393 4452 OV-
