2984 4959
29 4017 87 4402 qq*

592 345 827 442 Leges
873 347 1198 422 radicum
1219 399 1240 439 ,
1301 341 1675 444 stirpium,
1723 351 2143 424 formarum.
2394 366 2500 464 89

226 537 381 610 tui-3
473 549 596 595 nec
653 528 883 599 desunt
951 553 1070 598 eae
1133 529 1251 599 nisi
1317 553 1509 599 sensu
1558 531 1827 622 jubente
1847 582 1867 612 ‚
1933 541 1999 597 et
2056 531 2121 596 in
2173 513 2520 620 particulis*

229 639 519 730 plurimis
576 641 683 709 tali
743 643 989 710 ratione
1048 642 1222 710 haud
1288 641 1617 714 variandis.
1727 646 1913 720 Quae
1950 641 2290 740 distinctio&
2310 659 2503 716 acuta

230 764 304 821 et
371 755 612 823 subtilis
680 758 935 823 omnino
1003 757 1300 823 arabicae
1353 754 1613 845 linguae
1673 758 1966 826 excultae
2015 756 2349 845 peculiaris
2402 770 2502 829 est

227 866 527 955 interque
566 869 869 938 maximas
913 869 1049 960 ejus
1093 870 1353 938 virtutes
1404 869 1720 938 habenda.

410 997 549 1065 Sed
601 999 819 1068 ultima
890 999 1178 1068 radicalis
1243 1001 1296 1067 si
1361 1015 1510 1071 ante
1585 979 1852 1071 literam
1902 1000 2228 1069 formalem
2282 1005 2500 1076 intime

221 1110 521 1242 jupctam
579 1124 677 1180 est
695 1164 715 1195 ‚
787 1123 965 1181 muta
1027 1114 1176 1203 jure
1240 1116 1470 1208 mansit
1526 1115 1725 1205 qualis
1799 1116 1882 1181 ab
1940 1115 2113 1184 initio
2179 1128 2320 1185 erat
2335 1164 2357 1193 ,
2429 1129 2502 1187 ut

228 1255 412 1323 ..⁶:413
445 1280 537 1332 z:
582 1242 803 1353 52‘3122
820 1304 836 1322 .

405 1403 592 1479 Quae
636 1404 884 1473 vocales
925 1417 1071 1495 post
1108 1405 1458 1477 secundam
1496 1404 1842 1475 radicalem
1882 1430 1961 1475 ex
2003 1409 2301 1498 antiquae
2345 1411 2497 1500 (he-

233 1513 512 1603 braeae)
566 1515 823 1605 linguae
877 1531 1031 1587 tono
1083 1519 1440 1608 productae
1494 1529 1645 1586 sunt
1692 1517 1763 1606 ¹)
1783 1570 1802 1599 ‚
1879 1542 1956 1586 ex
2013 1534 2199 1609 parte
2254 1523 2319 1587 in
2359 1546 2499 1590 ara-

234 1630 445 1697 bismo
484 1644 885 1713 manserunt,
948 1654 1308 1721 quanquam
1348 1629 1486 1729 toni
1521 1628 1687 1695 ratio
1726 1628 1794 1694 in
1834 1629 1962 1698 hoc
2001 1656 2268 1721 magnas
2309 1658 2499 1724 passa

234 1753 339 1810 est
376 1742 756 1811 mutationes
800 1742 1118 1835 (5.142).
1203 1729 1474 1814 Vocales
1516 1743 1606 1809 ita
1643 1742 1708 1807 in
1751 1744 1923 1808 omni
1963 1747 2235 1812 flexione
2274 1747 2516 1816 immo-'

236 1856 395 1922 biles
449 1866 742 1941 manent;
798 1855 914 1922 sed
956 1856 1153 1946 longa
1192 1857 1579 1947 penultimae
1622 1866 1769 1922 ante
1810 1857 2316 1927 terminationem
2352 1859 2499 1930 fem.

235 1969 475 2058 corripi
538 1979 602 2038 et
658 1971 972 2037 coarctari
1026 1981 1270 2060 potest,
1330 1993 1476 2038 cum
1530 1971 1726 2058 longa
1790 1970 1972 2036 simul
2031 1973 2265 2040 vocalis
2319 1973 2406 2040 ibi
2462 1996 2502 2039 e

236 2082 483 2148 formae
527 2083 974 2174 perspicuitate
1010 2082 1187 2151 haud
1226 2095 1532 2174 poscatur
1571 2081 1636 2172 5.
1680 2082 1809 2149 322
1852 2093 1977 2152 etc.

405 2239 679 2307 Praeter
737 2238 855 2305 has
915 2236 1163 2306 radices
1227 2238 1517 2309 triliteras
1581 2235 1741 2304 aliae
1798 2248 1981 2304 ortae
2033 2247 2181 2317 sunt
2231 2236 2507 2326 plurium
2534 2245 2635 2295 16³

239 2354 596 2433 literarum,
649 2352 821 2419 varia
859 2375 941 2418 ex
983 2352 1251 2441 origine.
1368 2353 1447 2442 1)
1486 2354 1777 2420 Primum
1818 2373 1985 2440 quae
2021 2351 2282 2437 linguae
2322 2349 2506 2416 indo-

239 2466 330 2533 les
387 2464 637 2531 radices
703 2463 1103 2531 brevissimas
1166 2462 1251 2531 ad
1291 2467 1502 2533 trium
1544 2489 1798 2555 semper
1836 2465 2162 2532 literarum
2203 2464 2507 2532 ambitum

240 2553 594 2646 efformavit
644 2588 712 2644 et
752 2576 1042 2661 adauxit,
1106 2569 1333 2645 eadem
1369 2603 1565 2670 porro
1607 2581 1724 2647 has
1765 2578 2014 2647 radices
2057 2575 2350 2645 triliteras
2391 2598 2506 2641 no-

238 2694 330 2761 vis
372 2692 732 2780 augmentis
775 2690 1074 2778 ampliare
1107 2702 1336 2779 potest.
1435 2696 1624 2760 Haec
1667 2704 1787 2762 est
1806 2715 1933 2759 una
1984 2688 2269 2756 radicum
2315 2690 2507 2758 effor-

240 2804 614 2874 mandarum
654 2804 1036 2893 propagatio
1083 2806 1414 2886 continua,
1459 2828 1539 2871 ex
1583 2805 1838 2871 officina
1866 2805 2122 2891 linguae
2145 2802 2509 2869 formatrice

240 2919 561 3011 prodiens.
648 2918 939 3006 Suntque
981 2917 1278 2986 arabicae
1301 2917 1561 3006 linguae
1601 2927 1824 3006 utpote
1859 2904 2085 2983 ⁴seriori
2121 2915 2332 3004 plures
2370 2916 2510 3005 jam

243 3032 551 3126 ejusmodi
609 3029 859 3098 radices
916 3040 1097 3097 ortae
1155 3053 1347 3118 quam
1406 3031 1748 3097 hebraeae.
1865 3032 2224 3116 Augmenta
2294 3038 2551 3098 autem.

237 3151 413 3221 varia
466 3158 614 3216 sunt
660 3165 865 3234 eaque
906 3165 1034 3209 non
1075 3144 1279 3210 minus
1318 3146 1446 3210 una
1492 3165 1572 3208 ex
1610 3142 1761 3229 lege
1800 3139 2275 3230 interpretanda
2316 3163 2509 3228 quam

242 3286 406 3356 quae
457 3259 776 3328 radicibus
830 3255 1105 3325 triliteris
1156 3254 1536 3323 excolendis·
1556 3255 1989 3322 inservierunt.
2082 3253 2356 3320 Praeter
2397 3277 2509 3320 vo-

243 3378 411 3447 cales
464 3373 690 3461 longas
730 3370 997 3437 insertas
1041 3380 1154 3437 aut
1192 3369 1575 3459 postpositas
1620 3389 1940 3433 consonae
1979 3366 2355 3456 plerumque
2397 3364 2510 3433 de-

239 3489 526 3570 biliores,
574 3496 647 3555 ut
686 3481 959 3571 liquidae
998 3493 1064 3549 et
1105 3481 1384 3564 sibilae‚
1417 3494 1528 3552 aut
1560 3481 1924 3552 inseruntur
1967 3492 2080 3548 aut
2118 3493 2509 3571 postponun-

243 3661 382 3729 tur,
372 3646 695 3782 wrarius
732 3639 1023 3709 radicalis
1077 3640 1421 3729 repetitur,
1508 3652 1580 3708 ut
1638 3664 1716 3708 ex
1777 3599 1923 3742 &333
1984 3640 2255 3707 divisus
2294 3639 2505 3728 fuit.-

243 3796 437 3868 lami
480 3815 547 3874 et
586 3788 758 3875 ,μου
803 3797 1139 3887 dispersit
1194 3822 1267 3865 se
1307 3801 1545 3889 copia,
1605 3800 2069 3888 significatione
2126 3820 2355 3891 parum
2410 3796 2506 3866 di-

242 3967 452 4047 versa;
519 3985 599 4031 ex
659 3915 780 4014 &L
822 3955 1094 4045 fiemus
1129 3953 1243 4044 J„
1306 3956 1571 4023 haesit.
1638 3945 1871 4035 §dubl
1916 3955 2140 4045 firmo
2198 3968 2266 4022 et
2311 3954 2507 4024 obeso

785 4058 818 4092 ὅ
845 4060 1027 4092 Ηυξ-νο

124 4124 153 4178 “.
243 4144 516 4212 corpore
556 4117 612 4202 f.
653 4127 719 4218 et
773 4103 1003 4206 ζὼλρ
1059 4117 1249 4182 latus
1307 4129 1373 4183 et
1423 4118 1677 4206 longus
1705 4117 1776 4205 s.
1879 4116 2214 4193 Quaedam
2251 4114 2506 4186 radices

348 4380 410 4451 1)
445 4380 517 4435 de
548 4379 734 4448 quibus
770 4376 837 4430 cs.
876 4393 953 4446 gr.
989 4377 1132 4431 hebr.
1171 4393 1240 4431 cr.
1275 4395 1324 4447 p.
1358 4380 1462 4431 m
1497 4389 1608 4442 sqq.
1645 4373 1764 4427 min.
1801 4372 1850 4435 §-
1878 4374 1949 4422 85
1983 4384 2094 4435 sqq.
