2984 4959
1031 326 1576 422 Prolegomena.
2346 338 2443 417 19

162 514 328 583 tiunt
392 511 567 578 circa
623 508 899 575 internas
955 527 1182 575 causas
1240 506 1551 595 legesque
1591 528 1774 574 veras
1789 556 1809 588 ‚
1869 504 2149 599 dumque
2215 527 2444 573 causas

164 622 324 708 (seu
373 627 652 707 systema
719 611 1080 703 quoddam)
1154 623 1475 702 quaerunt
1528 623 1594 680 et
1649 609 1824 679 haud
1876 635 2024 679 raro
2082 613 2444 678 innumeras

162 722 457 816 ejusdem
496 721 592 786 rei
633 719 914 792 diversas
938 717 1298 805 &zolligunt⁹
1341 716 1494 784 dum
1538 741 1706 806 quae
1733 720 2150 785 observarunt
2185 717 2445 805 linguae

164 826 513 918 peculiaria
552 824 906 890 nominibus
931 821 1154 888 sedulo
1187 822 1535 911 insigniunt
1560 824 1904 904 distinctis,
1948 845 1988 887 a
2028 821 2191 887 veris
2216 819 2444 901 causis,

165 933 238 1001 id
276 954 426 1000 vero
483 942 582 998 est
643 953 682 995 a
724 927 989 1016 simplici
1032 940 1098 995 et
1137 927 1429 1015 congrua
1473 930 1895 1018 explicatione
1932 928 2154 1018 procul
2196 927 2445 992 absunt.

167 1039 369 1105 Plura
437 1035 903 1125 grammaticae
972 1033 1186 1121 capita
1266 1031 1524 1099 assiduo
1550 1038 1817 1099 ’eorum
1873 1031 2084 1099 studio
2151 1031 2449 1118 implicita

168 1144 377 1231 magis
436 1152 585 1209 sunt
638 1152 703 1207 et
761 1140 1056 1205 intricata
1111 1161 1302 1227 quam
1345 1129 1642 1226 explicita
1681 1149 1747 1205 et
1791 1135 2148 1203 dilucidata.
2245 1135 2449 1201 Vere·-
2539 1183 2551 1196 .

172 1270 298 1335 que
338 1247 635 1335 profecto
679 1243 845 1311 Ibn-
861 1242 1169 1311 Khaldun
1205 1240 1278 1327 ¹)
1322 1243 1584 1324 sensit,
1609 1242 1778 1309 aliud
1817 1264 1960 1308 esse
2002 1241 2484 1329 grammatico-·

170 1374 315 1418 rum
383 1350 611 1417 horum
665 1371 859 1415 nosse
904 1347 1140 1436 placita
1195 1359 1261 1416 et
1298 1358 1685 1435 praecepta,
1743 1345 1913 1416 aliud
1954 1346 2213 1433 linguae
2264 1368 2454 1412 sensu

178 1464 251 1519 et
286 1474 409 1518 usu
463 1473 610 1517 esse
649 1450 960 1519 imbutum
1006 1449 1099 1537 ²).

336 1575 590 1642 Deinde
609 1572 1006 1663 grammatici
1039 1594 1310 1660 quorum
1343 1571 1583 1660 scripta
1613 1571 1969 1639 inclaruere
2002 1574 2274 1661 Bacrae,
2310 1571 2455 1640 Cu-
2496 1582 2568 1631 28

175 1682 283 1746 sae
300 1731 320 1762 ,
383 1680 724 1761 Damasci,
783 1677 1090 1765 Bagdadi
1149 1678 1411 1766 aliisque
1451 1679 1714 1744 urbibus
1761 1689 1937 1746 extra
1977 1679 2273 1772 Arabiam
2319 1678 2459 1743 fere

175 1787 469 1854 omnibus
515 1787 827 1874 degentes
870 1806 1007 1856 11011,
1040 1784 1160 1871 ipsi
1204 1795 1386 1851 erant
1431 1786 1678 1851 Arabes
1735 1782 2168 1850 Muhammadi
2220 1784 2457 1869 poetis-

174 1916 306 1981 que
360 1893 678 1960 veteribus
743 1890 973 1956 coaevi·
1008 1888 1107 1955 vel
1150 1889 1537 1956 contribules
1556 1940 1576 1971 ‚
1630 1888 1747 1959 sed
1795 1889 1994 1955 exteri
2034 1888 2307 1954 maxime
2350 1911 2459 1954 ex-

175 1997 333 2063 teris
385 1996 453 2061 in
516 1993 706 2063 terris
747 1994 1060 2074 viventes,
1129 2017 1277 2062 cum
1317 1995 1539 2082 lingua
1584 1998 1843 2063 arabica
1877 1987 2001 2060 labi
2029 1992 2166 2081 jam
2210 2005 2275 2059 et
2316 2015 2460 2058 cor-

173 2099 387 2185 rumpi
434 2098 661 2186 coepit.
768 2097 1000 2185 Itaque
1058 2121 1425 2187 quanquam
1463 2101 1585 2189 ipsi
1625 2101 1886 2188 linguae
1939 2098 2235 2162 arabicae
2275 2119 2463 2162 usum

173 2204 502 2270 habebant
561 2199 1031 2288 quotidianum,
1092 2225 1284 2269 sensu
1339 2215 1556 2272 tamen
1610 2205 1746 2294 ejus
1791 2206 1927 2269 vivo
1973 2214 2039 2269 et
2078 2203 2288 2269 nativo
2334 2226 2464 2268 non

177 2331 259 2374 eo
305 2318 488 2375 erant
526 2306 748 2374 imbuti
796 2328 924 2394 quo
964 2308 1208 2374 Arabes
1238 2307 1519 2394 genuini.
1600 2308 1923 2394 Linguam
1958 2309 2310 2396 perfectam
2328 2309 2465 2400 jam

176 2425 249 2481 et
304 2414 590 2480 stabilem
648 2409 998 2493 redditam,
1062 2423 1291 2500 utpote
1344 2414 1613 2480 Korano
1675 2412 2042 2481 adstrictam
2059 2465 2077 2495 ,
2150 2428 2215 2483 01
2262 2415 2379 2504 ipsi
2426 2438 2465 2479 e

178 2516 436 2605 scriptis
479 2513 839 2586 didicerunt
877 2528 943 2585 et
980 2518 1134 2585 alios
1170 2518 1545 2586 docuerunt.
1631 2519 1852 2593 Quare
1883 2518 2282 2586 vetustissimi
2305 2518 2464 2608 jam,

185 2643 463 2710 quorum
504 2618 862 2687 doctrinam
906 2621 1006 2686 vel
1047 2622 1374 2709 opiniones
1418 2636 1531 2692 3111
1569 2625 1805 2713 scripta
1851 2624 2041 2690 etiam
2074 2623 2264 2689 hodie
2304 2644 2465 2712 cog-

185 2746 460 2792 noscere
497 2723 683 2803 licet,
738 2732 813 2788 ut
851 2723 1167 2808 Elelzalil
1204 2725 1324 2814 (m.
1359 2748 1415 2791 0.
1444 2749 1501 2791 3.
1534 2726 1697 2813 170)
1738 2738 1805 2793 01
1853 2726 2211 2793 Sibawaz'lz
2254 2729 2373 2815 (m.
2407 2752 2463 2796 c.

168 2853 239 2898 .a.
279 2826 447 2913 180)
513 2849 640 2891 non
700 2825 1006 2897 dissident
1065 2841 1313 2899 tantum
1364 2831 1533 2897 inter
1591 2854 1664 2897 se
1720 2833 1991 2898 maxime
2036 2843 2101 2897 et
2138 2832 2466 2920 litigantur

180 2935 452 3014 3011101,
511 2929 629 2999 sed
672 2932 863 2998 etiam
916 2931 1001 2998 ad
1042 2936 1325 3002 Arabum
1364 2932 1806 3001 Beduinorum
1843 2934 2123 3022 linguam
2169 2937 2467 3003 continuo

179 3048 537 3128 provocant
577 3036 857 3123 hosque,
900 3035 1211 3125 siquando
1247 3038 1429 3103 nimis
1469 3036 1876 3118 dissentiunt,
1919 3062 2199 3106 summos
2228 3041 2468 3109 faciunt

181 3145 455 3211 arbitros
502 3142 627 3207 falli
669 3140 918 3207 'nescios
950 3141 1057 3230 ³).-
1126 3144 1217 3211 Et
1259 3163 1621 3231 quanquam
1666 3142 1901 3209 multae
1939 3143 2103 3208 inter
2144 3165 2465 3230 gramma-

177 3251 344 3317 ticos
416 3246 585 3312 omni
638 3255 931 3332 tempore
996 3247 1281 3335 agitatae
1336 3257 1483 3314 sunt
1536 3246 1680 3313 lites
1739 3258 1804 3313 et
1863 3246 2119 3314 dissidia
2140 3299 2158 3329 ,
2189 3250 2282 3322 ,in
2328 3252 2467 3338 ipsa

178 3374 398 3439 tamen
453 3349 578 3416 1130
630 3351 1092 3436 grammaticae
1156 3350 1539 3419 tractandae
1596 3349 1841 3418 ratione
1911 3377 2156 3420 summa
2211 3358 2465 3443 conspi-

178 3468 365 3539 rant;
408 3479 530 3521 nec
570 3455 845 3523 seriores
889 3457 1006 3524 nisi
1047 3457 1306 3544 regulas
1340 3476 1623 3541 augere,
1664 3454 1729 3520 in
1771 3455 2058 3528 ordinem
2093 3471 2158 3528 et
2190 3474 2469 3551 systema

178 3562 488 3650 redigere
523 3560 623 3627 vel
671 3562 985 3629 concisius
1032 3561 1371 3650 complecti
1411 3559 1791 3628 didicerunt.

255 3747 323 3816 1)
360 3747 565 3801 Anthol.
602 3765 653 3816 p.
686 3750 792 3800 176
823 3764 938 3817 sqq.

254 3855 326 3923 2)
362 3854 490 3907 haec
539 3871 645 3907 non
695 3855 1036 3913 Arabicorum
1087 3863 1287 3911 tantum
1334 3855 1785 3923 grammaticorum
1830 3860 1964 3912 ratio
2010 3864 2093 3912 est
2128 3865 2183 3910 et
2217 3874 2472 3922 mensura,

357 3944 452 3995 sed
486 3945 710 3997 omnium
744 3952 977 4000 veterum
1011 3950 1349 4017 populorum,
1400 3948 1554 4000 simili
1588 3964 1656 4001 ex
1691 3951 1861 4003 causa.
1946 3950 2091 4003 Idem
2123 3949 2261 4017 apud
2296 3949 2468 4009 Indos,

358 4035 589 4087 Graecos
602 4074 620 4101 ,
668 4035 939 4089 Rabbinos
980 4036 1244 4089 observari
1280 4044 1468 4106 potest.

257 4143 327 4212 3)
362 4159 412 4195 v.
450 4144 702 4212 imprimis
736 4146 1079 4197 narrationem
1114 4144 1180 4198 de
1216 4146 1309 4198 lite
1345 4147 1569 4215 quadam
1604 4149 1829 4217 celebri,
1866 4151 1920 4205 in
1955 4148 2143 4203 anthol.
2180 4166 2232 4217 p.
2260 4152 2384 4200 200.
2423 4154 2479 4200 et

359 4235 517 4301 aliua,
565 4241 627 4290 ut
658 4235 713 4287 in
747 4234 932 4289 chrest.
969 4236 1012 4288 Ι.
1056 4253 1107 4304 p.
1138 4240 1260 4290 406.

1820 4475 1915 4541 2.
