2984 4959
406 401 466 449 x
1262 380 1814 477 Argumentum.

1264 596 1453 649 Cum·
1470 600 1817 655 ,Snctmnmn

772 740 867 792 DE
922 729 1504 795 PARTICULARUM
1537 743 1795 797 FORMA
1833 748 1926 801 Ac
1962 748 2306 803 NOTIONE.

1306 853 1369 947 g.
1430 859 1559 925 449
1581 861 1774 934 -501.

400 1059 465 1150 5.
506 1060 840 1127 449-452.
925 1061 1028 1127 De
1068 1064 1522 1150 particularum
1564 1063 1809 1131 ratione
1853 1066 2158 1133 universa.
2227 1103 2240 1124 .

262 1259 268 1264 ·
398 1220 462 1310 5.
508 1221 844 1288 453-466.
930 1221 980 1288 Ι.
1022 1222 1128 1289 De
1171 1219 1664 1311 pronominibus.

566 1334 635 1425 §.
674 1335 1002 1402 453-461.
1086 1336 1506 1440 Pronomina)
1522 1337 2029 1406 demonstrativa.

567 1446 630 1539 5.
671 1448 1004 1528 462-466.
1087 1450 1482 1516 Pronomina
1524 1451 1998 1539 interrogativa.

396 1609 459 1702 §.
503 1612 633 1679 467
649 1610 838 1677 -’493.
923 1608 1008 1677 II.
1050 1609 1154 1675 De
1198 1609 1521 1697 particulis
1567 1612 1870 1680 orationis
1914 1624 2266 1681 contextae.

565 1721 630 1815 5.
671 1724 1010 1791 467-468.
1096 1722 1407 1788 Advcrbia
1454 1747 1493 1789 e
1534 1726 1804 1791 nomine.

565 1834 629 1926 5.
669 1836 1002 1903 469-474.
1089 1836 1629 1923 Praepositiones.

563 1948 627 2040 5.
668 1949 1002 2016 475-493.
1089 1950 1456 2017 Particulae
1503 1950 1824 2015 breviores
1867 1948 2095 2013 variae.

296 2051 301 2070 ¹
391 2112 455 2198 5.
496 2085 835 2180 494-499.
920 2109 1036 2177 ΠΙ.
1079 2112 1188 2176 De
1228 2110 1790 2200 interjectionibus.

555 2223 620 2316 5.
663 2225 1000 2310 494-497.
1085 2225 1568 2316 Interjectiones
1614 2222 1982 2313 primitivae.

556 2336 620 2429 5.
662 2338 994 2405 498-499.
1082 2339 1473 2407 Locutiones
1520 2362 1598 2405 ex
1642 2359 1861 2403 earum
1905 2333 2133 2412 indole.

352 2496 448 2588 5.
491 2500 636 2566 500.
778 2584 801 2604 ³,
924 2500 1030 2566 De
1073 2499 1427 2567 derivativis
1471 2472 1938 2588 particularum.

478 2692 860 2796 Appendix
900 2704 952 2770 Ι.
1037 2705 1144 2771 De
1189 2704 1407 2770 formis
1447 2681 1755 2792 in'pausa
1792 2701 2064 2768 mutatis.
2150 2722 2211 2786 p.
2254 2696 2404 2763 373.

712 2886 741 2896 -
867 2843 951 2909 ΙΙ.
1036 2843 1143 2910 De
1186 2829 1500 2930 scriptura
1558 2840 1868 2909 vocalium
1910 2836 2165 2904 arabica
2216 2858 2362 2903 cum
2407 2834 2656 2923 persica
2724 2914 2728 2918 .

1071 2958 1456 3045 comparata.
1544 2978 1608 3044 p.
1650 2953 1797 3021 374.

716 3135 743 3144 -
825 3091 943 3159 ΙΠ.
1027 3095 1134 3161 De
1159 3079 1453 3162 “infinitivi
1497 3094 1716 3161 formis
1761 3090 2075 3158 uberiora.
2159 3113 2220 3178 p.
2275 3088 2423 3156 377.

559 3267 926 3336 Addenda.
942 3349 955 3372 x
1039 3297 1099 3361 p.
1141 3271 1286 3345 380.
