2984 4959
1169 338 1713 435 Prolegomena.
2385 302 2408 328 ο
2487 371 2524 437 1
2541 373 2577 437 1

301 542 501 588 scura
545 520 617 611 ¹)
675 530 742 589 et
805 516 1036 588 nullum
1109 544 1190 588 ex
1263 521 1360 588 his
1420 522 1753 593 Islamismi
1808 529 2168 617 primordiis
2224 536 2583 624 scripturae

248 692 254 696 .
302 638 628 727 specimen
670 647 990 704 servatum
1034 647 1148 703 aut
1183 637 1366 704 nobis
1414 637 1745 727 hucusque
1789 643 2137 731 cognitum.
2246 649 2381 715 Sed
2434 676 2585 721 mox

302 752 470 819 haec
529 762 769 820 mutata
836 763 935 819 est
1071 751 1287 819 nditio.
1383 752 1793 841 Expugnatis
1852 759 2017 828 enim
2070 763 2380 831 tractibus
2423 767 2583 833 Ara-

302 865 451 932 biae
506 775 1492 961 septentrionalixnterminiffi
1567 867 1767 935 Iracis
1788 919 1807 950 ‚
1883 869 2348 961 Mesopotamia
2367 929 2388 959 ‚
2457 881 2583 970 Sy..

301 984 433 1064 ria‚
526 1005 857 1070 novaeque
929 980 1230 1070 subjectis
1300 980 1624 1068 religionis
1681 982 1963 1071 placitis,
2038 987 2293 1070 literae,
2367 991 2585 1079 quales

302 1108 444 1167 mm
499 1097 813 1164 Arabibus
884 1117 1027 1161 esse
1086 1105 1384 1183 poterant
1451 1095 1841 1181 Islam-iticis‚
1915 1101 1977 1166 in
2036 1099 2202 1167 hanc
2263 1105 2589 1195 antiquam

303 1236 487 1282 suam
531 1212 783 1279 rediere
822 1209 1130 1298 patriam,
1188 1209 1579 1295 Chalifarum
1622 1235 1879 1303 quoque
1924 1213 2030 1280 hic
2071 1218 2415 1306 praecipue
2472 1218 2585 1285 de-

301 1327 595 1416 gentium
648 1326 915 1413 imperio
980 1321 1391 1413 conspicuam
1448 1324 1702 1394 factam.
1800 1327 2028 1416 Itaque
2068 1328 2134 1394 in
2176 1332 2439 1398 urbibus
2480 1355 2585 1398 re·-

305 1464 459 1507 cens
534 1438 804 1506 conditis
860 1437 1102 1519 Basra
1158 1438 1253 1525 (a.
1295 1439 1383 1504 H.
1423 1436 1544 1525 14)
1607 1450 1673 1506 et
1738 1439 1923 1529 Casa
1979 1440 2075 1530 (a.
2112 1443 2200 1509 H.
2253 1443 2372 1532 18)
2435 1469 2585 1513 mox

303 1556 551 1624 Korani
613 1564 793 1633 tanta
852 1562 917 1619 et
979 1550 1297 1639 elegantia
1355 1563 1420 1621 et
1481 1554 1667 1642 copia
1710 1551 2014 1643 descripti
2056 1568 2236 1639 sunt,
2304 1570 2379 1625 ut
2421 1582 2587 1627 nova

303 1671 469 1736 haec
523 1669 877 1755 scripturae
936 1689 1180 1755 genera
1236 1667 1581 1733 Meccense
1652 1680 1718 1736 et
1771 1668 2147 1738 Medinense
2208 1672 2271 1737 in
2328 1671 2585 1741 oblivio-

303 1808 452 1851 nem
494 1783 632 1849 sere
662 1779 1086 1848 adducerent.
1191 1780 1325 1849 Sed
1367 1781 1715 1871 praecipue
1759 1783 1933 1872 quod
1977 1786 2188 1856 Cufae
2232 1787 2588 1875 scripturae

303 1921 513 1987 genus
574 1895 897 1987 peculiare
946 1906 1013 1963 et
1068 1895 1386 1983 elegantia
1427 1897 1680 1984 insigne
1722 1908 1940 1966 natum
1985 1909 2112 1980 est,
2155 1911 2396 1968 tantam
2436 1925 2586 1970 mox

306 2014 611 2103 adeptum
652 2022 753 2079 est
793 2011 1028 2077 famam
1066 2032 1381 2099 usumque
1422 2011 1812 2091 latissimum,
1856 2023 1930 2079 ut
1950 2012 2202 2102 reliquis
2227 2014 2425 2104 longe
2456 2017 2583 2083 sre-

306 2129 599 2218 quentius
644 2128 709 2194 in
747 2124 1025 2193 Koranis
1055 2126 1603 2211 monumentisque
1628 2124 1893 2213 publicis
1927 2127 2285 2196 usitaretur.
2328 2131 2583 2198 Instite-

303 2255 579 2332 runtque
623 2239 921 2308 Cufensis
965 2238 1221 2304 scholae
1261 2237 1546 2305 asseclae
1585 2240 1940 2307 characteri
1981 2263 2098 2308 suo
2138 2240 2357 2311 illustri
2405 2255 2582 2313 tanto

307 2354 540 2422 deinde
558 2376 775 2422 amore
803 2364 876 2421 ut
898 2376 1045 2418 cum
1060 2347 1374 2421 scribendi
1393 2374 1600 2440 genus
1626 2353 1940 2435 minutiuS,
1964 2353 2206 2422 facilius
2233 2367 2299 2423 et
2317 2358 2584 2446 gratiuS,

306 2471 558 2537 omnino
580 2469 743 2537 vitae
766 2466 1012 2556 vulgari
1030 2467 1236 2553 magis
1261 2466 1565 2532 idoneum
1579 2466 1898 2554 paullatim
1917 2467 2350 2552 invalesceret,
2374 2472 2458 2538 illi
2478 2497 2584 2539 ve-

305 2596 509 2652 terem
522 2584 899 2672 scripturam
913 2579 1321 2668 grandiorem
1343 2589 1409 2647 et
1426 2581 1803 2647 crassiorem
1818 2583 2134 2650 obstinate
2150 2596 2474 2652 servarent
2493 2584 2584 2675 ²)-

471 2722 644 2789 Nam
696 2719 1014 2788 scribendi
1051 2742 1260 2807 genus
1302 2718 1600 2787 minutius
1647 2731 1714 2788 et
1751 2720 2143 2804 faciliuS‚-ut
2180 2747 2299 2812 per
2340 2748 2413 2791 se
2456 2725 2586 2791 fre*

305 2837 524 2927 quenti
570 2860 695 2903 usu
737 2835 921 2902 facile
963 2835 1304 2915 formatur,
1345 2842 1704 2921 -ortumque
1746 2858 1891 2902 esse
1933 2836 2108 2924 apud
2148 2818 2392 2918 Arabes
2436 2838 2587 2904 satis

295 2953 434 3043 jam
481 2961 735 3018 mature
779 2971 932 3016 vero
975 2947 1174 3015 simile
1217 2957 1317 3016 est
1362 2946 1472 3035 ³),
1528 2947 1621 3014 ita
1652 2948 1952 3038 imprimis
1999 2974 2037 3015 a
2072 2949 2395 3037 Bagdado
2435 2949 2587 3015 inde

305 3064 565 3133 condita
638 3064 706 3128 in
761 3062 885 3129 hac
938 3063 1079 3151 ipsa
1138 3063 1302 3128 urbe
1372 3072 1586 3127 ortum
1643 3071 1709 3128 et
1764 3060 2132 3132 adamatum
2186 3062 2383 3127 fuisse
2435 3062 2584 3127 Ibn-

302 3177 611 3246 Khaldun
657 3176 732 3263 ³)
804 3187 1091 3244 testatur.
1217 3175 1421 3265 Cujus
1490 3195 1679 3239 usum
1734 3173 1998 3250 dudum
2037 3176 2103 3240 in
2161 3175 2286 3241 vita
2339 3174 2588 3263 vulgari

303 3296 647 3384 probatum
696 3291 958 3370 tandem
1014 3287 1415 3357 IbnfMokla
1455 3289 1704 3355 vezirus
1742 3289 2006 3377 insignis
2054 3289 2173 3374 (m.
2212 3309 2289 3364 a.¹
2311 3287 2476 3371 326)
2518 3289 2585 3353 in

301 3409 568 3500 publicis
606 3429 865 3500 quoque
905 3404 1062 3472 actis
1106 3413 1173 3471 et
1209 3402 1630 3469 monumentis
1671 3423 1791 3468 suo
1836 3400 2124 3491 exemplo
2164 3388 2468 3483 sacravit,
2510 3411 2585 3469 ut

391 3645 455 3713 1)
507 3643 783 3698 memoires
840 3644 874 3695 1.
914 3657 961 3693 c.
998 3659 1049 3711 p.
1076 3644 1185 3694 203
1241 3656 1317 3707 sq.
1363 3638 1472 3692 309
1522 3644 1576 3689 et
1617 3640 1683 3690 al.
1735 3639 2026 3705 Praecipue
2055 3631 2170 3685 'hoc
2216 3633 2333 3708 ejus
2381 3633 2579 3700 insigne

514 3733 689 3786 ferunt
747 3738 989 3783 auctores
1043 3729 1299 3793 historici,
1348 3728 1485 3795 quod
1529 3717 1546 3784 i
1586 3727 1820 3781 dextram
1866 3740 2043 3777 versus
2077 3724 2243 3790 magis
2289 3722 2583 3776 inclinatum

513 3827 628 3873 erat
647 3859 663 3884 ,
713 3821 946 3885 syriacae
984 3835 1113 3886 ergo
1147 3820 1422 3886 antiquiori
1455 3817 1688 3872 similius.
2356 3799 2359 3801 Ὗ

384 3920 450 3987 2)
500 3935 550 3972 v.
585 3919 721 3973 Ibu-
738 3917 1013 3983 Khaldun‚
1046 3917 1232 3973 chrest.
1265 3917 1329 3973 T.
1351 3923 1402 3971 2.
1439 3936 1490 3986 p.
1524 3920 1645 3970 125.

390 4017 455 4085 3)
506 4017 855 4074 characterem
918 4017 1054 4070 hunc
1117 4019 1285 4085 primo
1339 4015 1451 4084 jam
1514 4015 1693 4069 seculo
1749 4018 1806 4067 et
1856 4009 2068 4065 secundi
2117 4008 2264 4061 initio
2314 4011 2578 4076 vulgatum

514 4108 707 4175 fuisse,
745 4126 819 4162 ex
849 4107 1050 4164 schedis
1085 4110 1372 4176 nonnullis,
1422 4124 1638 4177 quarum
1672 4113 1779 4159 tres
1815 4104 1880 4156 ad
1916 4119 2104 4156 annum
2142 4105 2277 4164 130,
2328 4116 2483 4153 unam
2514 4100 2581 4151 ad

512 4217 561 4253 a.
599 4204 672 4253 40
717 4201 977 4269 pertinere
1028 4204 1210 4268 putat,
1257 4212 1439 4253 recens
1475 4215 1543 4252 ex
1580 4200 1822 4264 Aegypto
1858 4193 2095 4247 adductis
2128 4192 2349 4261 probare
2384 4189 2582 4243 studuit

514 4288 582 4341 de
614 4290 756 4355 Sacy
772 4328 789 4355 ‚
839 4290 1055 4342 Journal
1106 4289 1200 4341 des
1253 4290 1450 4341 Savans
1486 4293 1629 4343 1825
1685 4306 1734 4359 p.
1777 4289 1882 4341 466
1918 4301 2031 4353 sqq.
2108 4281 2288 4334 Journ.
2326 4279 2578 4346 asiatique

513 4379 581 4434 Τ.
603 4383 653 4432 7.
690 4398 742 4448 p.
779 4383 898 4434 104.
933 4380 999 4433 T.
1025 4384 1108 4432 10.
1147 4398 1196 4449 p.
1236 4384 1518 4434 209-231.
2173 4403 2184 4412 ·

2631 2756 2698 2805 19
