2984 4959
264 2445 271 2453 .
318 2412 426 2460 260

431 345 576 412 152
1205 275 1602 394 Nominum
1654 324 1929 415 stirpes.

318 501 323 506 ’
430 513 512 578 ab
566 511 856 577 omnibus
912 508 1169 582 omnino
1231 505 1587 572 nominibus
1642 501 1954 592 adjectiva
2011 502 2104 569 ita
2158 498 2558 580 derivantur,
2633 512 2707 568 ut

433 625 639 691 forma
693 647 915 690 eorum
970 623 1225 709 integra
1275 630 1548 687 maneat.
1658 616 1835 682 Hine
1890 638 1970 681 ea
2029 613 2309 681 latissimi
2375 623 2474 680 est
2529 636 2706 696 usus,
2763 687 2767 691 .

433 760 797 828 quanquam
848 736 1103 803 labente
1144 746 1436 823 tempore
1500 754 1658 799 usus
1724 728 1922 796 multo
1991 726 2383 817 frequentior
2424 728 2514 795 fit.
2616 729 2709 796 Ut

456 846 487 891 Ξ
569 860 601 891 0
1237 858 1266 889 3
1288 856 1321 888 0
1881 865 1912 883 u·
2003 849 2077 882 00
2557 845 2595 882 9
2616 850 2693 882 0

440 932 652 1017 ⁴:9⁶⁴
698 915 1102 1004 Aegyptius
1143 938 1184 981 a
1226 929 1392 1014 μή
1457 914 1833 1002 AegyptuS‚
1907 932 2113 1010 1⁵⁴⁸*
2157 906 2409 972 solaris
2450 931 2489 973 a
2531 932 2709 985 unm

357 1051 363 1056 ’
439 1061 560 1116 etc.
642 1048 871 1114 Potest
909 1045 1007 1112 vel
1047 1048 1130 1112 ab
1173 1044 1486 1137 adjectivo
1530 1041 1830 1123 formari,
1888 1041 1943 1107 si
1985 1040 2113 1107 hoc
2157 1039 2528 1106 substantivi
2565 1039 2711 1106 loco

439 1161 634 1228 fuerit
690 1169 1101 1248 usurpatum,
1167 1158 1344 1248 quod
1383 1179 1583 1246 saepe
1633 1156 1707 1221 fit
1746 1154 1810 1219 in
1855 1152 2208 1219 nominibus
2253 1154 2561 1242 propriis3
2619 1164 2712 1222 at·

440 1299 566 1364 que
623 1275 715 1341 ita
769 1274 969 1339 serius
1008 1274 1266 1359 *ingens
1308 1270 1635 1339 titulorum
1676 1266 1976 1356 principis
2020 1264 2353 1356 cujusdam
2394 1289 2714 1350 numeruS‚

440 1391 494 1456 si
564 1412 603 1455 e
670 1411 837 1454 nexu
913 1386 1147 1474 singuli
1203 1384 1366 1455 tituli
1436 1381 1829 1451 substantivo
1904 1361 2253 1469 praemisso
2321 1391 2469 1446 sunt
2523 1382 2715 1472 subji-

441 1502 685 1584 ciendi,
741 1503 805 1568 in
862 1501 1172 1590 adjectiva
1232 1495 1609 1589 hujusmodi,
1648 1494 1874 1562 transit
1920 1493 2009 1576 ¹).
2122 1495 2333 1581 Atque
2374 1492 2471 1559 vel
2513 1494 2719 1562 forma

439 1616 695 1706 pluralis
740 1616 834 1683 vel
888 1614 1226 1700 collectivi,
1292 1613 1347 1680 si
1403 1635 1483 1678 ea
1540 1608 1627 1677 ad
1680 1630 1938 1675 sensum
1983 1608 2346 1674 necessaria
2387 1607 2487 1674 vel
2526 1632 2719 1675 sensu

440 1743 618 1797 certo
686 1740 997 1833 perpetua
1071 1736 1198 1806 est,
1300 1725 1366 1789 in
1449 1724 1548 1789 his
1629 1720 1953 1811 adjectivis
2031 1719 2389 1789 derivandis
2460 1725 2719 1811 integra

385 1924 392 1931 ·
441 1899 694 1970 manet,
737 1900 810 1957 ut
846 1875 1073 1986 45)oess
1110 1882 1206 1947 acl
1230 1881 1475 1963 Ancar
1517 1880 1907 1971 (prophetae
1947 1879 2308 1971 adjutores)
2334 1883 2720 1969 pertinens,

447 1992 722 2150 ζξὲρ-ἰνο
771 2050 868 2113 ad
928 2066 1128 2158 reges
1183 2041 1558 2130 (regionum
1615 2039 1922 2130 plurium)
1969 2040 2338 2127 pertinens
2394 2041 2541 2108 Sac.
2587 2041 2719 2109 chr.

441 2159 1217 2304 11.p.126‚11.43·k=‘bw
1267 2200 1639 2289 horologus
1682 2224 1723 2267 a
1764 2187 1978 2254 ὥῑεῑκ
2019 2199 2253 2266 horae.

615 2383 999 2470 Quanquam
1078 2402 1230 2445 vero
1311 2380 1690 2448 nominum..
1706 2379 1952 2444 formae
2022 2378 2088 2444 in
2154 2401 2362 2466 genus
2431 2381 2725 2469 integrae

445 2507 737 2576 manent,
814 2496 1195 2562 mutationes
1260 2504 1475 2561 tamen
1534 2492 1852 2589 quaedam
1907 2515 1987 2557 ex
2026 2491 2225 2581 ipsius
2268 2495 2723 2580 terminationis

448 2612 678 2678 natura
720 2609 1026 2675 oriuntur.
1132 2605 1303 2678 Nam
1345 2606 1618 2694 primum
1662 2603 2020 2672 terminatio
2064 2616 2162 2672 est
2202 2606 2380 2673 fortis
2396 2657 2417 2688 ‚
2471 2631 2725 2690 sonora,

451 2722 536 2789 ad
592 2744 786 2810 quam
824 2717 1360 2809 pronunciationis
1404 2718 1662 2785 festinat
1702 2719 1929 2786 fluxuS.
2032 2718 2227 2788 Unde
2264 2745 2387 2790 vox
2427 2723 2730 2814 syllabam

450 2835 729 2925 priorem
791 2856 988 2922 saepe
1042 2829 1324 2920 rapidius
1383 2831 1576 2920 paulo
1636 2831 1848 2919 eloqui
1889 2832 2122 2900 nititur.
2241 2834 2377 2902 Sed
2418 2837 2482 2901 in
2525 2837 2730 2925 ipsam

450 2950 619 3017 hanc
676 2946 978 3037 syllabam
1035 2945 1321 3034 proxime
1377 2945 1698 3033 praeviam
1738 2945 1828 3011 ita
1870 2945 2181 3013 dominari
2224 2948 2440 3016 studet
2476 2974 2669 3017 sonus
2707 2953 2731 3016 i

451 3063 651 3138 finalis
697 3071 762 3128 et
804 3058 1202 3149 potissimus,
1244 3068 1318 3124 ut
1360 3059 1476 3126 sibi
1520 3068 1557 3118 ἄ
1601 3060 1962 3148 praemittat
2004 3083 2121 3149 pro
2166 3078 2192 3128 1
2234 3073 2301 3129 et
2340 3065 2362 3127 i
2404 3087 2563 3130 sono
2612 3087 2732 3130 suo

449 3173 813 3264 oppositum
889 3170 1010 3260 (cf.
1079 3168 1143 3261 §.
1180 3170 1379 3257 156),
1459 3196 1587 3261 quo
1655 3189 1775 3239 vox
1844 3184 1991 3241 ante
2051 3198 2292 3252 sonum„
2340 3178 2736 3265 potissimum

447 3288 638 3379 paulo
698 3304 1038 3375 suspensa
1074 3293 1384 3352 teneatur.
1492 3283 1689 3362 Unde
1743 3285 1970 3353 eadem
2013 3289 2242 3356 vocalis
2284 3292 2553 3374 mutatio
2595 3315 2735 3360 ces-

448 3412 551 3470 sat
605 3400 660 3467 si
716 3394 958 3489 syllaba
1014 3398 1368 3487 composita
1425 3398 1523 3464 vel
1595 3398 1827 3465 vocalis
1891 3400 2088 3489 longa
2142 3405 2473 3491 praecedit
2514 3430 2736 3474 vocem

450 3513 740 3580 detinens
795 3522 1168 3599 sequentem
1218 3512 1526 3603 syllabam
1566 3511 1792 3600 rapide
1839 3515 2263 3583 transituram.
2375 3520 2552 3587 Hinc
2593 3542 2735 3587 mu·-

450 3625 725 3693 tationes
767 3623 928 3690 hae:
952 3653 957 3656 ·
985 3623 1065 3711 1)
1108 3627 1135 3681 Υ
1173 3624 1503 3693 secundae
1542 3624 1873 3709 radicalis,
1937 3629 1991 3695 si
2033 3630 2238 3717 prima
2276 3631 2414 3699 rad.
2457 3633 2594 3700 sola
2638 3643 2739 3701 est

1918 3734 1949 3761 6

1239 3781 1244 3787 .
1918 3760 1949 3779 ω
1994 3763 2060 3778 ..
2584 3748 2621 3785 9
2667 3769 2693 3783 ψ

457 3827 605 3872 cum
670 3802 872 3871 vocali
926 3799 1102 3868 brevi
1126 3849 1146 3882 ‚
1228 3802 1295 3867 in
1357 3811 1391 3861 ὅ
1449 3804 1709 3886 transit,
1795 3783 2054 3907 11ιῷ
2123 3808 2365 3897 regius
2421 3831 2501 3875 ex
2547 3783 2736 3889 ὣς

667 4126 810 4179 tione
845 4141 942 4195 pro
966 4067 1137 4232 ἷξον-ι’»
1174 4132 1432 4199 positum
1482 4126 1631 4188 certe
1684 4133 1739 4185 id
1788 4150 1858 4188 ex
1909 4134 1989 4189 his
2024 4137 2261 4191 omnibus
2293 4136 2429 4192 haud
2464 4141 2737 4209 absonum)

674 4283 724 4334 p.
757 4265 898 4328 353,
935 4267 986 4318 6.

570 4370 630 4436 1)
665 4386 712 4421 v.
751 4371 1042 4439 exemplum
1079 4374 1130 4425 in
1168 4371 1409 4427 Reinaud
1441 4391 1576 4432 mon.
1617 4395 1744 4431 mus.
1782 4379 1846 4430 Τ.
1880 4383 1931 4430 2.
1977 4398 2024 4447 p.
2052 4384 2175 4432 360.

1202 4501 1239 4546 ἱ
