2984 4959
1159 351 1278 421 De
1343 351 1649 424 Hamza.
2440 367 2543 444 49

247 541 393 688 ἶκῖ
433 604 535 698 (5.
566 608 709 692 91).
816 607 1104 676 Vocatur
1153 609 1220 675 id
1274 609 1535 674 lmmza
1569 545 1739 697 ἓξὲξ
1781 609 1821 675 i.
1859 632 1914 676 e.
1957 613 2290 699 punctim
2360 611 2537 700 quod

265 722 712 811 pronunciatio
755 723 1095 811 gutturalis
1142 734 1333 790 acuta
1377 733 1444 790 et
1487 721 1732 790 subtilis
1774 734 2001 811 guttur
2040 727 2269 815 pungit
2319 725 2412 812 ¹).

414 901 594 968 Hinc
637 923 716 966 ex
754 899 942 967 litera
982 902 1108 966 una
1149 899 1384 988 duplex
1428 900 1566 965 fere
1606 910 1750 966 orta
1794 910 1925 981 est,
1969 902 2331 997 nominibus
2371 923 2532 991 quo-

244 1036 377 1103 que
436 1037 477 1080 a
533 1014 969 1101 grammaticis
1010 1014 1099 1081 ita
1145 1014 1477 1095 distincta,
1544 1024 1618 1080 ut
1659 1013 1912 1079 nomine
1955 1011 2145 1099 Alzfi
2183 1014 2389 1102 (Elis)
2429 1041 2534 1082 so-

242 1127 376 1194 lam
431 1127 680 1195 literam
721 1128 1005 1195 vocalem
1024 1179 1043 1210 ‚
1110 1130 1405 1194 Izamzae
1447 1139 1662 1195 autem
1706 1138 2163 1196 consonantem
2206 1141 2274 1198 et
2312 1143 2535 1217 guttu-

244 1243 447 1310 talem
529 1242 889 1329 insigniant,
1019 1242 1505 1330 Numerantque
1569 1240 1747 1307 multi
1801 1240 1898 1306 vel
1965 1241 2235 1328 viginti
2295 1266 2536 1309 novem

246 1356 465 1425 literas
524 1354 626 1444 (5.
671 1355 830 1443 30),
907 1354 1052 1427 Elis
1101 1356 1341 1422 scilicet
1398 1366 1465 1422 et
1527 1355 1755 1421 hamza
1809 1355 1937 1421 hoc
1991 1353 2352 1421 discrimine
2412 1379 2534 1446 pro

228 1453 505 1538 ⁸duabus
570 1469 795 1560 positis
834 1467 927 1556 ²).
1029 1468 1223 1536 Unde
1283 1469 1387 1535 luc
1439 1467 1565 1533 illic
1634 1467 1733 1534 vel
1794 1468 2058 1556 simplex
2113 1468 2344 1535 hamza
2399 1471 2535 1536 sine

247 1631 396 1701 Elis
445 1629 635 1697 scribi
698 1628 1055 1709 consuevit,
1114 1639 1185 1695 ut
1226 1570 1399 1710 ila-*g
1448 1628 1541 1714 (v,
1583 1624 1879 1717 5.114);
1930 1641 2123 1719 atque
2165 1650 2419 1718 semper
2463 1627 2532 1695 id

245 1744 557 1811 usitatum
594 1742 662 1808 in
704 1742 834 1807 fine
867 1752 1015 1830 post
1031 1741 1222 1807 Elis
1192 1766 1329 1830 Jam
1373 1743 1681 1831 scriptum
1712 1745 1830 1831 (ex
1854 1744 2003 1833 lege
2047 1742 2112 1833 5.
2141 1743 2326 1828 122),
2341 1743 2430 1809 ita
2462 1753 2534 1809 ut

249 1856 489 1926 vocalis
532 1855 765 1946 positio
807 1855 1098 1966 hamzam
1139 1878 1258 1944 pro
1312 1855 1456 1968 ljllif
1490 1858 1795 1969 scriptam
1836 1869 2144 1949 sequatur
2185 1871 2259 1926 ut
2300 1879 2534 1925 conso-

250 2027 514 2085 nantem
555 2038 769 2098 suam,
802 2026 886 2083 .ut
939 1964 1174 2091 ‘lg-:R
1224 1964 1442 2094 ἐὶζιυῖῗ,
1510 1967 1747 2077 5102!ss-

427 2194 677 2271 Quodsi
723 2218 801 2261 ex
846 2195 1056 2263 causis
1099 2191 1433 2283 5.115-21
1479 2191 1838 2259 indicandis
1880 2185 2022 2258 Elis
2051 2191 2378 2280 gutturale
2414 2216 2531 2261 seu

250 2308 482 2376 hamza
535 2308 601 2374 in
642 2331 835 2376 sonos
881 2337 923 2385 ρ
967 2319 1034 2375 et
1075 2318 1132 2379 εξ
1178 2307 1468 2390 transiit,
1538 2307 1638 2373 his
1666 2307 2023 2441 ,hamm2
1991 2317 2079 2373 lta
2131 2296 2535 2388 adscribitur,

1630 2404 1666 2440 5
1836 2406 1873 2441 9

252 2471 437 2560 quasi
476 2469 617 2535 Elis
647 2468 859 2535 locum
913 2489 1101 2535 suum
1154 2477 1445 2548 tueatur,
1516 2478 1590 2535 ut
1622 2485 1777 2553 γ,
1850 2474 2066 2547 ὢν,
2115 2397 2398 2551 35¹3}ss
2354 2412 2530 2566 Δαζὶξςς

249 2613 451 2691 atque
529 2602 634 2667 hic
708 2621 962 2687 semper
1019 2621 1215 2688 supra
1274 2598 1524 2667 literam
1580 2599 1896 2666 scribitur.
2025 2597 2304 2666 Omnino
2367 2598 2536 2664 enim

247 2716 508 2803 signum
561 2715 690 2781 hoc
749 2723 1009 2803 praeter
1066 2711 1659 2801 pronunciationem
1710 2711 2226 2801 distinguendam
2284 2722 2560 2801 etymo--

246 2828 467 2917 logiae
523 2849 779 2915 quoque
835 2826 1177 2914 sensuique
1219 2826 1391 2891 vocis
1450 2824 1853 2893 dicernendis
1914 2826 2225 2914 facileque
2295 2848 2537 2914 agnos-

251 2941 474 3011 cendis
515 2942 603 3008 ita
645 2939 932 3020 inservit,
992 2949 1066 3005 ut
1096 2961 1301 3028 saepe
1345 2937 1522 3003 haud
1562 2938 1900 3029 adscriptis
1941 2940 2267 3008 vocalibus
2306 2940 2537 3006 hamza

1400 3042 1431 3073 5

249 3115 467 3171 tamen
511 3100 750 3188 scripto
796 3098 1218 3187 exprimatur,
1262 3107 1335 3166 ut
1354 3116 1465 3185 ἃς
1481 3137 1503 3156 .

426 3253 573 3328 Qua
626 3252 692 3318 iu
750 3248 1070 3318 scribendi
1129 3248 1378 3316 ratione
1423 3270 1570 3314 cum
1615 3245 1848 3314 ductus
1888 3265 1918 3301 ο
1955 3247 2181 3316 hamza
2223 3269 2536 3337 superpo-

249 3368 372 3435 sita
424 3388 554 3432 non
611 3365 815 3453 possit
870 3385 1000 3428 non
1056 3360 1300 3428 literam
1357 3359 1453 3427 ,Τά
1508 3361 1800 3448 signare,
1871 3373 2109 3450 puncta
2163 3362 2351 3453 hujus
2402 3361 2535 3427 duo

251 3496 356 3589 (S
398 3496 522 3585 60)
566 3495 769 3564 omitti
802 3505 869 3562 et
901 3503 1170 3583 possunt
1216 3503 1282 3560 et
1314 3492 1546 3583 jubent
1580 3493 2016 3630 grammatici,
2073 3505 2148 3565 ut
2177 3462 2357 3624 ἧς’,
2386 3456 2535 3628 jz

2575 931 2647 978 87

2576 2211 2647 2258 88

420 3709 527 3776 De
556 3703 838 3775 Sakan-
809 3733 838 3790 3
876 3703 956 3777 G'
961 3731 1179 3775 ezma.
1262 3705 1606 3775 Vocalibus
1649 3717 1989 3796 postquam
2028 3705 2250 3776 literae
2290 3733 2529 3799 aequa·
2569 3740 2644 3787 89

250 3823 456 3891 biliter
513 3833 1006 3911 constanterque
1065 3819 1355 3887 denotari
1403 3830 1469 3887 et
1507 3818 1782 3887 discerni
1825 3833 2213 3909 coeperunt,
2274 3821 2535 3910 signum

363 4082 426 4149 1)
463 4081 561 4133 nisi
607 4080 747 4132 sorte
792 4087 1059 4148 punctum
1107 4076 1463 4144 interpreteris
1513 4089 1581 4129 ex
1635 4078 1806 4143 figura
1855 4076 2033 4144 puncti
2067 4077 2187 4130 flavi
2221 4077 2360 4147 apud
2396 4077 2538 4130 Arri-

462 4185 621 4222 canos
671 4172 878 4223 usitata.
973 4167 1083 4223 Sed
1134 4167 1189 4220 id
1237 4168 1320 4220 vel
1375 4174 1652 4238 propterea
1686 4168 2109 4238 improbandum,
2159 4167 2298 4236 quod
2333 4170 2537 4221 nomina

461 4263 587 4314 talia
623 4278 691 4315 ex
727 4262 957 4315 Orientis
991 4257 1179 4314 scholis
1216 4260 1560 4325 grammaticis
1596 4259 1915 4328 prodierunt.

354 4370 420 4439 2)
456 4386 509 4426 v.
545 4371 679 4423 inter
713 4371 814 4424 alin
850 4370 973 4423 Not.
1025 4375 1079 4421 et
1126 4367 1277 4420 Extr.
1328 4365 1393 4417 T.
1428 4370 1480 4416 9.
1531 4379 1582 4430 p.
1621 4367 1730 4415 16·—
1751 4369 1835 4417 18.

1923 4467 1964 4531 4

924 4607 965 4626 Ο
