2984 4959
770 351 894 422 De
948 352 1316 423 vocalibus
1368 349 1989 422 concurrentibus·
2415 361 2513 433 51

229 519 431 604 literis
479 542 599 613 ,εξ
652 554 731 598 ex
794 554 873 598 eo
934 532 1089 600 ortis
1149 529 1594 621 (5.86-88),
1657 552 1804 595 cum
1866 529 2272 598 consonantis
2320 529 2518 598 instar

231 652 351 731 sit,
395 648 622 715 Sukun
666 643 1180 734 superscribatur
1216 667 1485 711 necesse
1529 654 1646 711 est.

407 805 734 895 Expositis
782 804 893 870 vita
951 815 1018 872 et
1079 803 1562 871 consonantium
1625 814 1693 871 et
1752 798 2063 869 vocalium
2123 798 2517 887 singularum
2559 812 2633 863 92

236 924 475 988 natura
536 932 603 989 et
654 913 1005 1006 scriptura,
1072 918 1157 984 ad
1197 918 1525 986 literarum
1561 917 1729 985 inter
1772 925 2193 982 consonantes
2237 924 2302 981 et
2342 907 2531 978 voca·

235 1040 334 1105 les
382 1034 734 1124 ancipitum
777 1086 807 1135 3
853 1041 919 1098 et
958 1070 1015 1130 9-
1058 1033 1498 1121 remotiusque
1539 1031 1689 1097 hinc
1736 1029 2028 1095 distantis
2076 1041 2089 1106 ι
2134 1038 2424 1093 naturam
2470 1036 2537 1094 et

234 1168 421 1255 leges
478 1163 883 1255 explicandas
939 1165 1487 1253 progrediendum
1553 1175 1668 1232 est.
1782 1163 1970 1237 Quae
2028 1183 2174 1225 cum
2215 1158 2525 1225 vocalium

235 1280 526 1369 ipsarum
594 1278 840 1345 ratione
907 1282 1128 1346 mutua
1186 1278 1361 1344 haud
1420 1278 1739 1347 intellecta
1795 1283 2115 1365 nequeant
2173 1270 2525 1351 dilucidari,

239 1392 328 1459 de
368 1392 469 1458 his
515 1391 621 1456 hic
662 1390 838 1478 prius
884 1388 1202 1457 disserere
1244 1397 1520 1481 oportet.

410 1547 745 1614 Vocalium
803 1571 1187 1617 concursum
1241 1550 1524 1618 Arabum
1581 1569 1788 1634 aeque
1836 1568 1915 1611 ac
1958 1544 2266 1612 sanserita
2303 1544 2523 1632 lingua

242 1661 455 1748 sugit3
501 1672 728 1749 estque
761 1684 840 1728 ex
876 1664 999 1729 hac
1039 1664 1190 1753 lege
1234 1664 1488 1730 omnino
1534 1657 2033 1749 procedendum.
2121 1658 2529 1723 Concurren-

241 1786 345 1841 tes
394 1784 610 1840 autem
655 1773 825 1841 duae
867 1786 980 1842 aut
1009 1800 1226 1863 pares
1269 1777 1388 1843 sibi
1446 1784 1628 1857 sunt,
1696 1795 1928 1863 nempe
1975 1794 2141 1847 a-a,
2183 1771 2315 1851 i·i,
2356 1792 2526 1850 u-u,

244 1895 364 1952 aut
406 1886 728 1974 impare&
829 1886 1038 1955 Pares
1080 1888 1248 1955 duae
1289 1892 1555 1971 breves,
1613 1889 1665 1955 si
1707 1910 1863 1955 sono
1913 1884 2125 1951 medio
2166 1884 2340 1951 haud
2381 1880 2530 1948 diri-

245 2009 536 2079 mantur,
597 1999 661 2063 in
706 2021 897 2064 unam
937 1999 1195 2087 longam
1241 2003 1628 2070 coalescunt.
1747 2002 1986 2088 Longa
2028 2009 2242 2065 autem
2295 1996 2529 2075 vocalis

218 2112 444 2201 ‘etiam
484 2112 569 2177 ibi
598 2113 707 2177 'ex‘
730 2111 981 2179 duabus
1027 2115 1267 2195 oritur,
1342 2117 1449 2181 ubi
1490 2116 1667 2205 prior
1713 2114 1975 2181 alteram
2020 2122 2132 2178 aut
2188 2111 2305 2176 sibi
2372 2109 2528 2175 assi-

249 2224 430 2292 milat
474 2238 584 2293 aut
625 2226 794 2314 pellit
837 2226 901 2291 in
948 2227 1212 2317 ejusque
1253 2229 1463 2299 locum
1510 2227 1816 2296 succedit.
1848 2264 1935 2275 —-
1972 2225 2334 2315 'Imparium
2369 2224 2531 2290 ratio

255 2350 325 2406 et
367 2338 602 2425 classes
647 2350 796 2407 sunt
835 2339 1155 2407 diversae:

431 2499 488 2563 1.
529 2498 651 2563 u-i
687 2496 783 2562 vel
824 2497 948 2564 i'-u
999 2508 1452 2565 concurrentes
1498 2519 1643 2561 cum
1682 2496 1745 2561 in
1778 2518 2002 2564 sonum
2035 2495 2348 2586 duplicem
2378 2521 2533 2565 con-

254 2611 404 2681 flari
444 2621 795 2699 nequeant,
851 2610 971 2677 nisi
1011 2612 1186 2699 prior
1227 2613 1290 2678 in
1335 2607 1777 2678 semivocalem
1815 2610 2039 2676 transit
2081 2608 2182 2699 (5.
2227 2611 2386 2700 96),
2447 2611 2535 2678 al·-

255 2725 457 2791 terius
503 2726 694 2793 sonus
738 2724 918 2791 alteri
963 2726 1335 2793 assimilatus
1382 2723 1554 2792 cedit
1592 2747 1854 2813 prorsus
1914 2735 1978 2791 et
2022 2703 2372 2807 evanescit,
2426 2724 2536 2815 ju—

259 2847 451 2903 vante
529 2837 902 2925 praesertim
946 2839 1150 2927 -apud
1215 2841 1460 2906 Arabes
1533 2839 1670 2905 soni
1743 2837 2073 2926 utriusque
2135 2838 2538 2906 similitudine

258 2948 327 3041 §.
368 2953 472 3018 70.
574 2952 664 3018 Et
706 2951 1060 3039 proximum
1106 2952 1362 3040 quidem
1409 2952 1536 3017 hoc
1580 2962 1711 3031 est,
1756 2962 1827 3017 ut
1861 2950 2061 3017 ‘sonus
2103 2952 2278 3039 prior
2319 2962 2536 3039 poste-

257 3065 496 3131 riorem
539 3064 656 3130 sibi
700 3063 1097 3130 assimilando
1149 3066 1370 3154 pellat:
1437 3064 1559 3129 u-i
1596 3076 1686 3123 ““-“
1721 3068 1763 3129 fi
1807 3087 1826 3146 3
1869 3064 1994 3130 i-u
2032 3076 2120 3125 Ξῖ·-
2154 3066 2217 3145 ἰς
2291 3065 2343 3130 si
2386 3087 2538 3130 vero

259 3178 577 3269 posterior
618 3187 729 3242 aut
785 3200 823 3242 e
872 3177 1116 3245 formae
1174 3180 1231 3244 vi
1286 3178 1501 3269 potior
1552 3177 1974 3266 validiorque,
2029 3187 2139 3243 aut
2186 3176 2384 3266 longa
2442 3190 2542 3247 est

260 3302 413 3381 post
451 3292 746 3371 brevem,
810 3292 988 3381 prior
1032 3291 1202 3359 cedit
1242 3293 1597 3383 posteriori.

368 3447 372 3449 ’
431 3451 492 3516 2.
537 3449 735 3515 vocali
780 3472 824 3512 a
871 3470 1017 3514 cum
1070 3448 1100 3514 z·
1154 3450 1251 3515 vel
1297 3476 1344 3515 ιι
1387 3462 1842 3531 concurrente,
1907 3447 2046 3516 soni
2089 3461 2436 3516 occurrunt
2475 3462 2543 3519 et

264 3564 544 3651 impares
590 3573 656 3630 et
697 3562 816 3631 sibi
857 3562 1127 3649 invicem
1170 3566 1483 3654 oppositi3
1546 3575 1622 3632 ut
1661 3548 1876 3650 longe
1903 3560 2153 3630 diversa
2195 3563 2278 3630 sit
2318 3586 2543 3631 eorum

262 3675 471 3743 ratio:
1545 3687 1551 3693 ’

440 3808 517 3892 1)
563 3803 984 3875 antecedente
1041 3823 1080 3874 ἅ
1125 3828 1163 3871 e
1204 3807 1515 3874 vocalium
1562 3790 1879 3877 concursu
1912 3809 2350 3901 diphthongus
2392 3810 2543 3876 oriri

270 3932 484 4012 potest
539 3921 615 3985 ai
673 3944 728 3986 v.
771 3942 868 3983 αιι
911 3915 1011 4007 (5.
1042 3918 1184 4006 69).
1288 3921 1521 4010 anue
1580 3945 1619 3988 e
1661 3946 1842 3990 more
1884 3926 2084 3993 oritur
2123 3936 2260 3993 tum
2298 3924 2549 4014 praeci-⁴

2567 1566 2638 1615 93

2575 2508 2648 2558 94

271 4058 401 4125 pue
444 4044 812 4113 constante,
869 4032 926 4098 si
970 4033 1201 4099 vocalis
1239 4037 1558 4122 posterior
1598 4037 1813 4126 longa
1858 4049 1972 4106 est.
2076 4039 2211 4106 Sed
2267 4038 2548 4107 vocalem
2615 4067 2622 4073 .

269 4151 529 4215 brevem
613 4147 986 4236 sequentem
1047 4147 1434 4216 antecedens
1489 4174 1538 4213 a
1592 4151 1802 4239 potior
1863 4152 2214 4242 fortiusque
2270 4173 2550 4241 pronun-

273 4263 442 4329 ciata
502 4260 741 4351 pellere
800 4258 991 4327 etiam
1033 4270 1101 4326 et
1142 4260 1382 4328 elidere
1423 4274 1671 4352 potest,
1733 4266 1874 4353 ipsa
1914 4267 1978 4331 in
2020 4287 2247 4333 sonum
2287 4264 2551 4352 longum

273 4376 315 4440 a
354 4385 678 4461 protensa.
1851 4373 1860 4382 ‘

1893 4490 1987 4555 4.

970 4575 1005 4596 fl
