2984 4959
826 318 957 389 De·
984 357 1026 408 9
1076 329 1153 390 et
1202 340 1260 406 §S
1311 315 1554 389 media
1602 320 1681 388 in
1730 317 1994 388 radice.
2397 332 2549 416 249

264 500 519 571 radices
579 500 705 568 hae
762 501 1236 592 antiquissimae
1289 501 1374 571 ad
1418 502 1657 568 formas
1702 509 2063 568 ceterarum
2099 502 2425 590 perfectas
2488 516 2555 575 et

266 616 550 684 excultas
595 615 976 707 vocalesque
1016 619 1365 685 formarum
1421 615 1627 683 varias
1683 613 2235 683 conformarentur
2253 667 2273 700 ,
2340 628 2553 707 potest

264 728 524 819 quidem
584 729 789 795 forma
845 732 1209 820 postulante
1255 733 1322 798 in
1379 738 1838 805 consonantem
1898 729 2341 798 semivocalem
2397 754 2551 799 con-

264 855 634 913 sentaneam
689 847 962 912 transire
983 897 1004 927 ,
1073 868 1458 935 semperque
1517 842 1770 910 mediae
1829 842 2122 912 radicalis
2183 844 2326 911 loco
2387 857 2454 913 et
2492 847 2554 912 vi

263 957 576 1040 habetur;
648 956 768 1024 sed
828 968 1042 1026 tamen
1096 958 1453 1047 proximum
1511 979 1764 1046 semper
1820 957 1948 1022 hoc
2006 967 2139 1039 est,
2207 970 2278 1025 ut
2320 959 2552 1027 vocalis

262 1071 395 1137 hoc
430 1071 577 1137 loco
629 1069 965 1154 audiatur,
1037 1095 1313 1161 quacum
1351 1072 1586 1141 vocalis
1632 1070 1878 1136 formae
1920 1071 2126 1138 brevis
2168 1094 2289 1161 par
2327 1073 2426 1139 vel
2469 1073 2554 1141 si-

259 1184 424 1252 milis
468 1183 804 1267 coalescit,
865 1210 1058 1275 quam
1112 1188 1321 1254 brevis
1367 1185 1679 1254 dissimilis
1727 1196 1794 1254 et
1852 1183 2227 1252 discordans
2280 1185 2452 1274 pellit
2489 1186 2556 1253 in

262 1321 493 1365 sonum
553 1300 819 1385 longum
860 1299 1248 1390 producta„
1283 1323 1579 1392 quaeque
1619 1314 1756 1370 tum
1801 1302 2056 1368 demum
2098 1299 2165 1364 in
2206 1300 2556 1367 semivoca-

260 1411 391 1478 lem
453 1412 787 1501 rigescens
844 1426 1089 1496 manet,
1160 1437 1308 1482 cum
1367 1419 1451 1482 ob
1511 1418 1755 1485 formae
1818 1413 2266 1482 necessitatem
2321 1412 2555 1490 vocalis

260 1526 391 1592 vim
437 1527 599 1594 tueri
642 1527 876 1616 nequit.
984 1527 1059 1594 In
1104 1528 1587 1598 formationibus
1631 1540 1846 1598 autem
1888 1529 2351 1599 recentioribus
2399 1551 2554 1595 con·
2588 1532 2607 1551 ’

262 1641 535 1707 stantius
585 1641 724 1707 soni
780 1641 1264 1709 consonantium
1329 1644 1700 1711 radicalium
1756 1645 1879 1711 vim
1935 1641 2242 1722 induunt,
2305 1641 2553 1708 uffor-

259 1754 612 1821 mationem
657 1777 786 1844 quo
837 1757 1263 1823 recentiorem
1306 1781 1386 1824 eo
1440 1760 1649 1847 magis
1716 1759 1908 1826 trium
1963 1754 2336 1823 radicalium
2378 1774 2550 1830 {con-

259 1867 624 1935 sonantium
690 1869 906 1959 legem
967 1883 1346 1961 perpetuam
1404 1884 1815 1963 sequentem,
1879 1873 2230 1940 firmiorem
2248 1921 2267 1953 ,
2328 1869 2552 1941 diluci-

260 1982 513 2049 diorem
558 1982 799 2055 videas.

437 2151 496 2218 1.
552 2151 837 2218 Formae
901 2170 1067 2238 quae
1129 2151 1395 2217 vocales
1457 2149 1691 2215 breves
1758 2150 1943 2216 circa‘
1978 2177 2017 2228 9
2080 2176 2139 2218 v.
2185 2162 2242 2225 ε-,ς
2292 2153 2552 2233 habent,
2577 2162 2686 2213 383

261 2264 498 2331 horum
549 2264 626 2331 ut*
672 2263 1153 2330 consonantium
1190 2286 1348 2352 sono
1386 2262 1573 2328 facile
1615 2285 1841 2330 carere
1880 2274 2180 2352 possunt:
2254 2264 2393 2330 soni
2438 2289 2553 2353 pa·-

260 2400 372 2444 res
420 2388 873 2444 concurrentes
916 2376 981 2442 in
1025 2377 1309 2451 vocalem
1351 2376 1612 2463 longam
1657 2378 1924 2457 abeunt,
1964 2398 2111 2442 ‘nec
2152 2399 2281 2442 non
2326 2377 2555 2445 similes

263 2514 314 2557 u
344 2491 440 2556 -i
516 2491 638 2573 ita,
737 2502 810 2559 ut
881 2489 1040 2558 alter
1114 2489 1380 2559 alterum
1462 2489 1582 2559 sibi
1652 2487 1981 2563 assimilet,
2083 2488 2460 2578 plerumque
2528 2492 2558 2554 i

262 2603 464 2694 pellat
508 2629 592 2684 u,
652 2604 770 2672 nisi
833 2628 880 2669 ιι
939 2627 979 2669 e
1035 2604 1283 2669 formae
1328 2603 1389 2669 vi
1431 2601 1643 2691 potius
1687 2612 1818 2683 est3
1895 2624 1940 2666 a
1986 2613 2201 2670 autem
2245 2627 2323 2671 ex
2365 2603 2429 2695 ς.
2469 2605 2557 2670 96

266 2718 496 2784 sonum
554 2718 874 2784 inimicum'
916 2696 1173 2807 semper
1214 2717 1402 2807 pellit.
1513 2714 1616 2783 Ita
1660 2712 1737 2801 1)
1779 2715 1842 2780 in
1887 2717 2192 2803 perfectis
2235 2728 2315 2786 st.
2347 2718 2398 2785 Ι.
2433 2718 2554 2787 IV.

262 2832 416 2899 VII.
460 2833 638 2898 VIII.
682 2833 764 2898 X.
822 2831 1170 2899 somandis
1216 2831 1451 2900 vocalis
1490 2854 1539 2895 a
1581 2828 1907 2897 secundae
1947 2830 2084 2899 rad.
2135 2831 2278 2898 loco
2325 2832 2475 2920 quia
2517 2855 2557 2900 e

265 2946 522 3012 formae
563 2945 624 3011 vi
665 2947 1028 3015 necessaria
1071 2957 1220 3027 est„
1259 2967 1520 3035 semper
1557 2955 1772 3013 manet
1813 2944 1966 3013 eliso
2012 2969 2170 3013 sono
2213 2947 2467 3013 inimico
2508 2970 2558 3010 ιι

265 3131 324 3173 v.
372 3104 435 3185 i,
478 3116 551 3174 ut
597 3092 731 3203 ςῑῖ,
774 3129 853 3173 ex
899 3090 1204 3204 (ῥ’,ῥῑω
1250 3129 1332 3174 ex
1343 3114 1518 3191 »νς
1572 3106 1850 3172 similiter
1891 3116 1974 3173 st.
2015 3107 2128 3174 IV.
2176 3093 2334 3204 343³,
2366 3093 2554 3186 μω·

264 3220 503 3308 Neque
541 3220 648 3286 hic
686 3221 1074 3291 intransitiva
1117 3233 1193 3290 st.
1221 3221 1276 3289 Ι.
1317 3220 1491 3287 notio
1530 3218 1961 3308 distinguitur,
2006 3229 2078 3286 ut
2122 3220 2376 3286 omnino
2422 3220 2552 3307 for-

266 3333 467 3400 matio
540 3333 830 3402 radicum
885 3335 1113 3401 harum
1177 3334 1366 3423 paulo
1429 3334 1738 3401 arctiores
1807 3333 1966 3398 fines
2024 3334 2253 3414 habet,
2336 3334 2554 3403 formis

267 3447 557 3537 pluribus
600 3471 767 3536 quae
806 3449 873 3516 in
912 3447 1232 3516 radicibus
1272 3449 1504 3517 ceteris
1547 3471 1694 3516 sese
1729 3457 2107 3529 secernunt,
2151 3447 2218 3513 in
2250 3447 2348 3515 his
2381 3446 2557 3515 haud

270 3561 583 3630 discretis,
607 3600 694 3613 -—
735 3564 814 3629 In
856 3563 1105 3652 imperf.
1148 3576 1226 3632 st.
1250 3563 1302 3630 1.
1349 3561 1583 3631 vocalis
1616 3585 1687 3635 ιι,
1708 3585 1836 3629 sec.
1859 3560 1997 3628 rad.
2018 3562 2186 3627 bene
2208 3560 2556 3650 respondet

1034 3668 1064 3700 ,ν
1111 3670 1139 3699 ,
1162 3682 1188 3697 .

271 3745 432 3854 {⁰¹¹⁰
476 3748 525 3788 ιι
567 3722 829 3794 radicali
850 3776 868 3806 ,
913 3738 986 3793 ut
1033 3715 1170 3824 ρῖς
1215 3726 1363 3809 fiat3
1406 3724 1711 3814 idemque
1753 3746 1913 3791 sono
1958 3723 1989 3787 i
2029 3721 2168 3790 rad.
2213 3720 2419 3803 cedit,
2483 3732 2559 3790 ut

236 3899 456 3982 22⁸⁵}-
551 3884 627 3951 In
680 3885 983 3976 stirpibus
1044 3910 1221 3954 mere
1283 3886 1503 3954 activis
1540 3886 1654 3953 IV.
1701 3896 1769 3954 et
1810 3886 1892 3953 X.
1936 3907 2133 3952 sonus
2177 3882 2207 3947 i
2250 3906 2379 3950 sec.
2415 3880 2554 3950 rad.

258 4035 431 4082 sono
491 4040 538 4080 a
592 4019 865 4106 perfecti
933 4021 1258 4110 oppositus
1320 4041 1576 4109 semper
1631 4030 1888 4100 manet,
1953 4026 2025 4084 ut
2080 4014 2247 4084 sicut
2305 4016 2370 4083 in
2412 4013 2552 4083 rad.

268 4174 470 4242 firmis
519 4196 603 4247 a·
629 4198 656 4251 ι
707 4180 827 4246 sibi
869 4191 1313 4303 opponuntur,
1366 4181 1458 4251 ita
1497 4182 1560 4249 in
1604 4181 1702 4248 his
1746 4181 1839 4246 a·
1871 4180 1926 4261 i,
1979 4182 2055 4247 ut
2094 4188 2171 4246 st.
2196 4177 2324 4247 IV·
2393 4161 2553 4274 513⁸,

273 4324 457 4446 54⁴3}
436 4375 458 4414 2
520 4337 638 4406 sed
689 4339 754 4406 in
807 4326 1122 4409 reflexivis
1164 4340 1311 4411 VII.
1355 4352 1422 4410 et
1462 4341 1640 4409 VIII.
1705 4337 1932 4407 eadem
1987 4336 2304 4428 oppositio
2346 4335 2412 4400 in
2454 4335 2551 4405 his
