2984 4959
444 326 593 399 124
1084 313 1315 408 Verbi
1363 327 1698 413 tempora
1743 328 1818 388 et
1862 304 2077 390 modi.

436 595 554 664 per
610 583 756 663 post
808 570 1174 659 negativum
1226 524 1319 630 ὧ
1362 570 1459 636 vel
1516 572 1688 660 quod
1742 575 1941 644 multo
2015 574 2406 665 frequentius
2423 627 2442 658 ,
2495 516 2564 675 β
2613 572 2704 646 ita

435 688 724 776 ponitur,
781 698 854 753 ut
910 684 1256 772 negatione
1310 686 1575 752 absente
1617 689 1780 775 perf.
1824 689 1959 778 ejus
1999 687 2143 755 loco
2184 689 2555 779 ponendum
2599 692 2702 768 sit,

665 804 779 839 O-Oo
841 805 911 838 00
1984 824 2010 838 a
2028 823 2053 837 a
2071 824 2098 838 a

432 862 602 930 velut
640 856 786 949 Λαὶς
836 852 898 959 fl
941 886 1077 928 non
1119 862 1347 952 fecit,
1416 865 1521 930 cui
1576 866 1937 954 oppositum
1978 856 2095 936 δαὶ
2124 865 2350 951 secit3
2433 868 2519 935 de
2573 892 2702 959 quo

433 1000 554 1045 usu
616 977 776 1043 miro
836 987 901 1044 et
959 976 1265 1065 singulari
1304 977 1493 1067 paulo
1536 979 1794 1044 uberius
1838 978 2296 1045 disserendum.
2420 980 2544 1048 Est
2586 1005 2699 1047 au-

431 1101 561 1158 tem
614 1090 720 1156 hic
777 1089 1010 1179 duplex
1068 1090 1523 1179 spectandum,
1600 1091 1865 1159 alterum
1932 1114 2046 1157 cur
2094 1092 2541 1182 imperfectum
2594 1117 2698 1160 re-

429 1205 751 1293 quiratur,
824 1204 1092 1271 alterum
1154 1226 1270 1269 cur
1323 1203 1553 1271 modus
1615 1205 1751 1295 ejus
1807 1198 2182 1295 g'ezmatus.
2302 1206 2487 1274 Illud<
2524 1207 2699 1274 haud

427 1364 623 1431 dubie
688 1386 768 1430 ex
821 1364 962 1454 ipsa
1012 1363 1376 1452 negationis
1432 1363 1619 1454 hujus
1685 1365 1745 1432 vi
1795 1363 2051 1454 pendet.
2165 1364 2292 1434 Est
2350 1365 2523 1435 enim
2577 1355 2653 1427 [al
2673 1410 2698 1445 ,

657 1465 721 1497 ο-

424 1521 598 1591 unde
650 1511 714 1622 pl
766 1524 851 1589 ob
906 1545 1094 1590 usum
1152 1523 1732 1613 frequentissimum
1786 1521 2188 1593 decurtatum
2246 1535 2377 1607 est,
2434 1527 2697 1614 negatio

370 1653 375 1656 .
423 1683 600 1752 haud
654 1682 962 1772 primitiva
1004 1693 1070 1750 et
1111 1682 1408 1769 simplex,
1469 1683 1590 1751 sed
1636 1708 1716 1752 ex
1762 1644 1883 1740 αὖ
1930 1682 2212 1773 rapidius
2257 1683 2460 1751 vocali
2498 1686 2695 1775 longa

419 1797 836 1887 pronunciata
878 1806 1022 1863 orta
1063 1794 1324 1865 videtur.
1407 1796 1488 1863 Id
1528 1797 1723 1865 latino
1763 1796 2070 1879 nondum
2106 1798 2490 1888 respondet,
2545 1823 2694 1868 cum

420 1916 499 2011 L}
537 1967 762 2023 notare
815 1966 1009 2044 queat
1060 1956 1250 2023 dum.
1348 1956 1581 2047 Itaque
1638 1980 1784 2024 cum
1845 1955 2156 2047 particula
2205 1978 2345 2024 rem
2385 1959 2694 2026 nondum

401 2068 688 2157 factam
750 2068 1043 2150 denotet,
1110 2079 1361 2158 tempus
1427 2069 1916 2159 imperfectum
1962 2068 2219 2157 ponitur
2256 2070 2406 2137 huic
2449 2074 2690 2140 notioni

417 2202 946 2270 consentaneum,
1025 2200 1096 2256 ut
1146 2188 1325 2257 hebr.
1380 2202 1532 2279 post
1577 2196 1787 2283 0212·
1891 2188 2124 2288 anue
2165 2189 2339 2259 notio
2383 2192 2690 2257 nondum

411 2352 478 2418 in
523 2336 611 2411 Ψ
656 2350 1002 2441 praecipue
1045 2348 1218 2417 haud
1257 2371 1408 2415 rara
1449 2359 1550 2416 est
1588 2349 1676 2435 ἵ).
1764 2348 1903 2416 Sed
1945 2348 2179 2418 deinde
2220 2350 2483 2439 negatio
2523 2348 2688 2418 haec

412 2464 771 2553 simpliciter
814 2485 969 2532 2rem
1025 2462 1377 2550 perfectam
1435 2486 1553 2530 seu
1596 2461 1883 2547 factam
1939 2486 2083 2527 esse
2144 2477 2401 2553 negat,
2469 2466 2559 2533 ita
2619 2477 2689 2535 ut

410 2579 734 2667 praeteriti
767 2578 1027 2665 negatio
1058 2576 1231 2643 facta
1259 2575 1372 2657 sit,
1432 2578 1663 2673 ceteris
1697 2575 2145 2663 negationibus
2190 2589 2257 2645 et
2297 2579 2685 2669 simplicibus

410 2703 476 2759 et
518 2693 881 2781 compositis
924 2679 1251 2780 opposita;
1308 2702 1373 2758 et
1426 2691 1493 2756 in
1548 2687 2011 2756 narrationibus
2064 2712 2322 2780 quoque
2365 2706 2684 2776 occurrat,

407 2808 590 2874 nobis
669 2805 935 2894 simplici
1011 2829 1146 2870 non
1222 2806 1416 2871 verbo
1483 2802 1831 2893 praeterito
1888 2801 2114 2892 juncto
2187 2805 2683 2893 exprimendum.

409 2922 522 2987 Sic
562 2920 820 3007 negatio
866 2918 1030 2983 haec
1072 2916 1385 3006 particula
1429 2916 1600 2982 facta
1637 2925 1738 2987 est
1774 2914 1926 2981 huic
1969 2917 2145 2982 verbi
2200 2919 2444 2986 formae
2483 2944 2682 3010 pecu-

403 3034 571 3100 liaris
635 3056 1015 3121 semperque
1086 3029 1474 3110 adhaerens,
1555 3051 1732 3117 quaer
1775 3039 2113 3117 praeterea
2170 3031 2345 3097 haud
2396 3048 2686 3122 apparet,

407 3133 615 3237 neque
673 3169 952 3238 unquam
1009 3145 1146 3214 sine
1189 3144 1436 3233 irnperf.
1480 3144 1807 3233 proxime,
1886 3142 2051 3208 nulla
2091 3143 2212 3211 alia
2252 3169 2413 3214 voce
2451 3150 2681 3232 media,

406 3320 713 3401 sequente
775 3307 902 3373 dici
963 3315 1193 3395 potest.
1302 3304 1523 3377 Quare
1579 3302 1662 3367 ob
1722 3323 1954 3368 nexum
1994 3302 2167 3371 hunc
2205 3309 2554 3397 praepositi
2610 3295 2681 3406 Γ)

406 3426 593 3516 vique
656 3422 831 3489 certa
886 3416 1346 3509 pronunciandi
1408 3416 1838 3481 necessarium
1903 3427 1970 3484 et
2029 3431 2409 3508 perpetuum
2475 3423 2682 3510 forma

513 3739 574 3806 1)
612 3741 672 3789 ut
707 3694 807 3816 lig
829 3744 883 3786 et
901 3734 1172 3787 nondum
1157 3753 1190 3789 1.
1208 3753 1254 3790 e.
1272 3739 1568 3807 priusquam
1581 3738 1700 3790 Sac.
1716 3735 1853 3791 anth.
1876 3757 1926 3808 p.
1945 3743 2069 3805 457,
2085 3744 2169 3792 13.
2220 3739 2376 3792 Ham.
2390 3757 2442 3809 p.
2455 3743 2578 3793 384.
2616 3742 2677 3798 In

612 3897 825 3950 Korano
848 3886 937 3956 Li.
956 3899 1192 3968 saepius,
1253 3905 1314 3951 ut
1346 3898 1464 3951 Sur.
1496 3899 1551 3959 3,
1589 3899 1672 3948 14.
1709 3899 1762 3947 2.
1811 3898 1901 3962 49,
1938 3900 2007 3949 14
2042 3897 2133 3948 ubi
2184 3897 2234 3949 ei
2257 3888 2359 4016 ΓΔ
2344 3897 2554 3951 omnino
2582 3914 2678 3967 par

1587 4001 1619 4032 0
1709 4014 1815 4032 aar
1880 3999 1985 4032 02·

617 4061 710 4108 est.
805 4056 985 4109 Serius
1031 4055 1306 4122 juncturae
1360 4057 1540 4122 quales
1578 4043 1636 4111 :sl
1689 4047 1806 4129 jau
1860 4034 1986 4143 αἱ·
2039 4000 2110 4155 gi
2146 4071 2251 4106 non
2300 3995 2530 4126 fecerat
2579 4055 2677 4109 hoc

1589 4152 1619 4191 ξ

617 4231 783 4285 quum
817 4240 888 4253 -
941 4214 976 4266 ἱ.
1016 4228 1061 4264 e.
1118 4212 1416 4280 priusquam
1465 4211 1562 4265 hoc
1598 4211 1792 4265 fecerat
1827 4211 1984 4279 (Kos.
2023 4209 2127 4264 chr.
2183 4230 2233 4281 p.
2269 4216 2394 4278 114,
2431 4212 2526 4281 4),
2588 4207 2675 4264 ubi

615 4368 818 4421 semper
854 4352 997 4406 vides
1038 4343 1101 4450 Vl
1139 4321 1427 4424 proximum
1475 4308 1674 4404 tantum
1711 4350 1922 4404 verbum
1957 4352 2053 4404 sibi
2092 4351 2421 4418 subjungere.
