2984 4959
714 344 832 415 De
880 370 1145 441 genere
1196 371 1502 419 numero
1554 361 1627 420 et
1669 354 2068 423 nominum.
2375 367 2520 438 171

420 527 522 595 Ad
561 538 858 596 neutrum
900 530 1102 597 forma
1143 528 1666 619 distinguendum
1723 557 1934 623 neque
1990 534 2248 624 antiqua
2303 536 2528 625 lingua
2544 547 2658 598 290

249 642 540 711 semitica
580 665 790 730 neque
832 643 1092 712 arabica
1133 645 1428 712 surrexit.
1514 647 1723 734 Igitur
1768 670 1916 715 cum
1960 672 2152 716 masc.
2196 661 2440 718 tantum
2464 664 2532 720 et

250 755 402 822 fem.
459 756 576 823 sibi
628 756 754 823 sint
793 757 1122 844 opposita,
1178 780 1337 825 msc.
1378 770 1591 827 autem
1629 761 1985 848 proximum
2026 785 2281 852 semper
2318 786 2530 853 genus

253 870 337 938 sit
398 892 519 937 nec
573 870 1012 972 terminatione
1056 869 1456 952 distinctum,
1501 872 1839 940 videndum
1878 886 1975 943 est
2016 900 2348 968 quousque
2391 879 2529 945 foe-

252 983 470 1050 minini
523 983 622 1050 vel
680 1007 901 1051 sensus
959 994 1025 1050 et
1067 985 1453 1052 constructio
1496 985 1595 1051 vel
1640 987 1844 1053 forma
1885 1010 2140 1076 quoque
2184 988 2530 1057 extendan-

254 1108 379 1165 tur.
479 1096 606 1163 Est
665 1110 878 1165 autem
940 1097 1260 1164 foeminini
1318 1122 1542 1167 sensus
1596 1110 1661 1167 et
1700 1123 1855 1167 usus
1897 1100 1963 1165 in
2010 1102 2368 1169 universum
2411 1102 2530 1170 du-

254 1209 419 1299 plex.
505 1210 681 1277 Alter
724 1213 948 1279 natura
986 1212 1122 1299 ipsa
1166 1210 1352 1278 datus
1395 1212 1460 1279 in
1502 1211 1696 1281 rebus
1737 1214 1930 1297 vivisg
1982 1211 2144 1280 alter
2183 1236 2263 1279 ex
2307 1214 2530 1281 foemi-

257 1325 384 1391 nini
433 1326 760 1414 conspicui
803 1327 950 1393 idea
991 1326 1345 1409 derivatus,
1390 1337 1466 1394 ut
1506 1327 1559 1393 si
1598 1328 1793 1393 rebus
1823 1325 2013 1398 ,haud
2042 1326 2389 1395 viventibus
2423 1340 2533 1397 aut

196 1515 199 1518 ,
260 1439 562 1526 cogitatis
620 1450 861 1509 tantum
923 1464 1002 1507 ex
1063 1440 1209 1508 idea
1252 1442 1376 1509 hac
1419 1440 1608 1506 soem.
1652 1439 1948 1507 tribuitur
1986 1462 2211 1527 genus.
2324 1442 2530 1508 Meta-

259 1554 562 1641 phoricus
626 1577 781 1622 usus
834 1554 1132 1622 latissime
1186 1566 1411 1643 patens
1470 1553 1900 1642 antiquissimo
1941 1552 2199 1640 linguae
2239 1564 2532 1642 tempore

259 1677 437 1734 ortus
495 1677 592 1734 est
650 1647 730 1735 ex
789 1692 1013 1736 sensus
1078 1691 1269 1757 quem
1329 1691 1435 1735 res
1493 1678 1794 1734 externae
1832 1678 1899 1734 et
1941 1668 2263 1754 cogitatae
2311 1689 2531 1736 omnes

259 1779 324 1845 in
367 1778 588 1848 animis
643 1781 1042 1862 excitabant,
1099 1779 1497 1847 vividissimo.
1610 1781 1699 1848 Et
1747 1801 2111 1869 quanquam
2151 1782 2353 1848 serius
2410 1804 2534 1849 usu

180 1887 183 1890 ¹
257 1903 502 1961 tantum
563 1904 630 1962 et
684 1912 872 1962 more
923 1894 1428 1982 metaphoricum
1472 1917 1682 1981 genus
1728 1903 2172 1976 conservatur,
2238 1893 2532 1983 primitus
2627 1979 2636 1986 ἱ

258 2017 472 2074 tamen
530 2030 657 2073 non
700 2030 870 2100 casu
884 2060 903 2091 ‚
961 2007 1078 2076 sed
1120 2007 1501 2074 necessitate
1544 2007 1824 2097 quadam
1865 2019 1931 2076 et
1968 2030 2160 2074 sensu
2207 2007 2531 2074 verissimo

261 2119 597 2188 discrimen
641 2121 831 2190 soem.
875 2123 1116 2188 factum
1159 2142 1303 2186 esse
1345 2142 1694 2190 consensus
1725 2123 1863 2213 jam
1909 2121 2197 2208 gentium
2244 2121 2536 2187 universe

265 2235 643 2323 conspicuus
684 2237 933 2324 probat.
1018 2236 1249 2303 Varius
1293 2242 1509 2299 autem
1553 2246 1619 2303 et
1658 2235 1979 2323 multiplex
2021 2242 2119 2299 est
2163 2255 2390 2300 sensus
2426 2235 2537 2322 qui

263 2348 345 2416 ad
389 2350 578 2417 soem.
646 2373 726 2416 ex
782 2348 927 2415 idea
968 2345 1337 2436 ponendum
1380 2341 1589 2409 duxit:
1653 2343 1729 2428 1)
1769 2364 1872 2409 res
1911 2341 2084 2409 haud
2122 2344 2345 2412 ⁴vivens
2389 2368 2537 2412 cum

262 2474 463 2530 matre
519 2475 631 2531 aut
688 2463 962 2529 foemina
1019 2461 1363 2529 confertur.
1475 2455 1579 2521 Ita
1622 2465 1814 2520 terra
1858 2467 2063 2523 mater
2101 2458 2233 2525 visa
2278 2465 2378 2528 es't
2418 2460 2535 2526 ho-

265 2577 500 2644 minum
539 2577 846 2656 filiorum,
887 2585 963 2641 ut
1001 2575 1155 2641 urbs
1200 2572 1586 2654 incolarum3
1630 2582 1825 2660 atque
1866 2572 2015 2637 hinc
2055 2571 2369 2639 Arabibus
2409 2596 2538 2639 non

267 2701 493 2755 terrae
539 2700 786 2758 tantum
829 2701 896 2758 et
939 2686 1134 2752 urbis
1179 2688 1487 2778 cujusque
1525 2687 1779 2752 nomina
1823 2685 2011 2751 soem.
2058 2695 2242 2765 sunt‚
2298 2684 2415 2752 sed
2459 2707 2542 2753 ex
2623 2771 2632 2779 υ

268 2805 543 2888 cognata
599 2804 860 2869 notione
897 2800 1313 2889 populorum
1354 2801 1546 2868 etiam
1588 2811 1654 2867 et
1698 2797 2046 2880 tribuum,
2108 2808 2334 2887 utpote
2376 2821 2544 2888 quae

266 2925 499 2982 terram
554 2915 735 2982 simul
791 2937 907 2983 seu
959 2914 1293 3001 regionem
1339 2912 1647 2981 denotare
1688 2922 1973 3000 possunt.
2087 2911 2169 3000 2)
2212 2911 2361 2977 dein
2403 2913 2540 2979 foe-

268 3030 565 3095 mininum
634 3028 901 3098 debilius
978 3028 1290 3097 denotans
1359 3025 1445 3094 ad
1502 3026 1627 3092 vim
1688 3023 1864 3090 haud
1927 3023 2123 3090 visam
2179 3035 2245 3091 et
2286 3024 2542 3094 occulto

268 3154 566 3232 agentem
621 3145 924 3234 translata
983 3154 1119 3226 est3
1176 3141 1457 3210 similiter
1499 3161 1693 3228 porro
1739 3136 1823 3203 ad
1863 3159 1969 3203 res
2016 3135 2293 3203 dominio
2338 3139 2539 3205 homi-

266 3259 358 3324 nis
403 3258 721 3349 subjectas
739 3310 758 3340 ‚
801 3269 873 3325 ut
916 3257 1201 3346 corporis
1239 3255 1559 3335 membra,
1604 3253 2020 3318 instrumenta
2060 3250 2269 3333 varia,
2333 3250 2542 3320 domi-

268 3372 436 3454 cilia,
499 3372 822 3455 utensilia3
884 3370 1158 3464 denique
1220 3370 1306 3436 ad
1345 3392 1482 3436 rem
1529 3392 1611 3434 ex
1662 3365 1849 3454 copia
1904 3361 2180 3453 quadam
2223 3364 2541 3452 singulam

267 3497 340 3554 ut
377 3486 748 3573 particulam
789 3486 1158 3553 debiliorem
1206 3480 1690 3571 designandam.
1790 3476 2127 3552 Quaedam
2169 3489 2236 3546 et
2275 3481 2363 3544 ob
2406 3502 2541 3545 me-

268 3601 663 3689 taphoricum
707 3623 892 3667 usum
932 3599 997 3666 in
1045 3596 1366 3665 diversum
1408 3596 1556 3661 sem.
1598 3615 1808 3681 genus
1853 3600 2199 3658 transeunt.
2299 3589 2382 3677 3)
2423 3590 2542 3659 sed

270 3712 565 3800 imprimis
612 3714 800 3780 soem.
842 3711 1198 3781 terminatio
1240 3709 1503 3775 inservit
1558 3691 1805 3771 neutro
1848 3715 2068 3772 nostro
2111 3703 2431 3787 notando,
2476 3715 2543 3773 et

270 3824 498 3894 dehinc
542 3825 929 3904 abstracto,
970 3825 1164 3892 rebus
1207 3823 1474 3910 siugulis
1517 3819 1664 3886 vivis
1705 3819 2002 3910 opposito
2048 3817 2140 3906 1).

437 4000 496 4067 1.
537 4000 675 4067 Res
717 3997 970 4087 singula
1012 3998 1065 4065 si
1109 4020 1148 4063 e
1190 4018 1382 4065 sensu
1426 3992 1510 4061 ad
1549 3993 1979 4080 foem.·genus
2013 3991 2326 4075 refertur,
2369 3990 2547 4059 haud
2562 4021 2659 4072 291

272 4135 534 4181 necesse
593 4125 693 4181 est
743 4124 817 4181 ut
882 4110 1240 4180 terminatio
1304 4109 1429 4177 etia
1499 4107 1687 4173 soem.
1747 4104 2036 4174 accedat.
2160 4108 2299 4174 Imo
2352 4130 2544 4176 voces

383 4374 443 4441 1)
480 4371 641 4427 fusius
679 4373 803 4426 baec
840 4372 1074 4442 exposita
1113 4387 1158 4421 v.
1202 4371 1252 4422 in
1288 4386 1365 4437 gr.
1406 4369 1551 4423 hebr.
