2984 4959
1221 366 1758 465 Prolegomena.
2509 395 2548 462 1
2562 392 2606 463 5

335 547 610 615 externis
653 548 1029 635 scripturam
1071 547 1506 617 dilucidiorem
1545 552 1889 621 reddituris
1923 560 2427 644 pronunciationi
2460 587 2606 632 suc-

334 662 722 728 currendum
767 686 909 729 esse
956 662 1245 744 viderunt
1282 647 1563 746 Arabes,
1622 682 2099 759 coeperuntque
2139 674 2458 761 paullatim
2495 701 2607 744 vo-

331 776 563 841 calium
635 776 820 863 signa
891 775 1188 865 adjicere.
1315 778 1463 852 Quo
1524 780 1878 868 scripturae
1932 785 2131 872 signis
2174 789 2447 855 externis
2497 815 2604 857 ex-

327 887 683 977 planandae
725 887 933 955 studio
978 889 1164 956 latius
1206 902 1507 979 serpente
1543 891 1631 957 ibi
1689 918 1944 984 quoque
1986 898 2361 988 scripturam
2401 903 2601 991 signis

327 1002 603 1069 externis
660 1001 915 1068 lectioni
969 1002 1216 1089 probae
1257 1002 1569 1092 adaptare
1614 1022 1994 1096 coeperunt,
2059 1013 2167 1078 ubi
2211 1038 2291 1081 ea
2330 1018 2601 1106 antiqui-

325 1115 478 1182 tatis
543 1138 831 1181 normam
883 1114 1132 1182 fidelius
1187 1139 1461 1204 sequens
1517 1122 2021 1212 pronunciationi
2078 1126 2280 1196 serius
2333 1129 2599 1198 invales-

328 1230 505 1296 centi
558 1228 732 1295 haud
796 1230 964 1294 bene
1021 1219 1354 1315 respondit
1419 1228 1535 1320 (S.
1582 1233 1737 1321 24).
1864 1238 2073 1325 Atque
2130 1240 2223 1307 ita
2278 1243 2600 1329 paullatim

323 1343 682 1410 scribarum
742 1352 808 1407 et
861 1342 1426 1429 grammaticorum
1483 1344 1760 1414 sollertia
1814 1370 2088 1438 magnus
2149 1352 2447 1421 inductus
2503 1369 2602 1424 est

323 1455 657 1541 signorum
720 1453 805 1520 ad
846 1455 1185 1523 lectionem
1212 1457 1599 1545 'scripturae
1648 1462 1945 1550 antiquae
1989 1467 2218 1531 bonam
2252 1467 2598 1555 juvandam

321 1590 641 1634 numerus.

494 1707 680 1783 Quae
738 1728 899 1772 nova
963 1706 1324 1795 scripturae
1387 1707 1593 1776 forma
1651 1732 1735 1777 ne
1790 1712 1857 1779 in
1908 1714 2154 1783 Korani
2213 1721 2595 1809 exemplaria
2636 1740 2708 1787 22

325 1832 551 1889 contra
599 1820 954 1909 prophetae
996 1821 1516 1911 Chalifarumque
1554 1823 1838 1911 priorum
1881 1840 1948 1895 et
2001 1854 2242 1899 morem
2283 1848 2350 1902 et
2388 1836 2622 1906 scieu-.

323 1935 479 2001 tiam
532 1931 894 2000 introducta
955 1932 1397 2015 invalesceret,
1468 1936 1645 2004 multi
1700 1941 1957 2028 quidem
1999 1945 2289 2013 Moslemi
2350 1949 2590 2019 intento

320 2046 535 2114 studio
600 2045 912 2135 impedire
967 2048 1207 2128 conati=
1236 2060 1417 2131 sunt;
1496 2050 1615 2116 sed
1677 2052 1809 2120 aliis
1874 2060 2385 2145 superstitionem
2449 2088 2592 2130 eam

325 2161 422 2226 vel
482 2160 979 2248 improbantibus
1042 2160 1140 2227 vel
1199 2162 1635 2250 mitigantibus
1689 2167 1756 2231 in
1821 2170 2278 2258 exemplaribus
2321 2177 2590 2254 “Korani

319 2296 667 2363 puerorum
745 2273 844 2338 vel
914 2271 1402 2361 peregrinorum
1441 2270 1843 2348 'institutioni
1918 2296 1984 2351 et
2053 2288 2194 2353 usui
2264 2287 2590 2359 destinatis

321 2387 508 2473 signa
548 2385 711 2453 haec
750 2384 1069 2474 paullatim
1114 2385 1569 2456 increbuerunt
1612 2389 1701 2476 ¹).
1801 2395 2054 2463 Colore
2079 2412 2292 2468 tamen
2339 2403 2588 2486 diverso

320 2498 751 2566 additamenta
803 2497 967 2564 haec
1011 2497 1407 2588 distinguere
1448 2503 1650 2571 visum
1693 2517 1823 2589 aet3
1890 2510 2199 2580 vocalium
2242 2519 2588 2606 praecipue

320 2613 506 2699 signa
544 2612 773 2691 rubro,
836 2609 1165 2679 diacritica
1203 2624 1343 2681 atro
1389 2615 1604 2683 colore
1644 2620 1834 2706 paulo
1876 2625 2220 2711 pallidiore.
2333 2630 2587 2717 Deinde

318 2727 649 2812 signorum
688 2724 794 2802 hic
853 2747 1007 2792 usus
1060 2726 1126 2791 in
1168 2728 1455 2795 omnibus
1497 2731 1774 2800 Koranis
1833 2734 2194 2824 diligentius
2236 2746 2588 2814 scribendis

317 2851 385 2907 et
456 2838 853 2906 exactissime
917 2831 1206 2934 legendis
1259 2841 1531 2910 invaluit.
1647 2845 1725 2913 In
1790 2852 2019 2920 ceteris
2071 2866 2283 2923 autem
2336 2860 2586 2949 scriptis

316 2954 515 3041 signis
590 2953 688 3019 his
757 2952 995 3046 optime
1059 2977 1255 3041 posse
1313 2956 1519 3021 careri
1570 2958 1736 3027 viros
1793 2962 1960 3031 inter
2019 2966 2302 3055 linguam
2381 2975 2585 3060 probe

313 3067 616 3149 edoctos,
659 3066 868 3155 opinio
910 3067 1140 3134 mansit
1180 3089 1431 3155 semper
1473 3082 1809 3157 constans;
1861 3076 2041 3143 unde'
2068 3082 2318 3148 scribae
2357 3086 2432 3151 iis
2474 3098 2584 3155 aut

312 3182 566 3249 omnino
630 3179 1068 3249 abstinuerunt
1125 3192 1236 3249 aut
1286 3182 1604 3249 rarissime
1656 3185 1746 3252 ibi
1802 3190 1900 3256 usi
1958 3204 2135 3274 sunt,
2203 3198 2312 3264 ubi
2369 3203 2581 3269 sensui

310 3297 589 3362 obscuro
654 3303 720 3361 et
773 3295 1078 3383 ambiguo
1134 3317 1514 3363 succurrere
1567 3275 1839 3366 mixime
1902 3303 2222 3374 videretur
2281 3333 2578 3381 necessa—

304 3412 488 3476 rium.
607 3407 685 3475 In
755 3408 1068 3495 poematis
1118 3407 1582 3484 ‚difficilioribus
1641 3414 2206 3502 grammaticorum
2269 3424 2576 3495 industria

306 3523 642 3611 descriptis
703 3533 770 3589 et
821 3522 1140 3589 illustratis
1196 3522 1587 3612 frequentior
1627 3527 1836 3597 factus
1876 3544 1975 3599 est
2017 3534 2344 3621 signorum
2386 3562 2575 3624 usus;

302 3636 369 3702 in
429 3634 705 3725 epistolis
747 3645 959 3702 autem
1003 3634 1295 3724 vitaeque
1339 3636 1620 3725 vulgaris
1672 3644 2117 3732 scriptionibus
2173 3651 2227 3717 is
2273 3676 2400 3719 non
2457 3659 2573 3723 mi·-

303 3772 423 3817 nus
480 3750 875 3817 necessarius
941 3748 1109 3815 visus
1165 3759 1266 3816 est
1307 3770 1498 3838 quam
1540 3752 1606 3817 in
1645 3761 2069 3828 monumentis
2108 3765 2375 3851 publicis
2413 3772 2573 3837 anti-

303 3886 469 3952 quae
516 3885 707 3953 quam
762 3885 921 3952 prae
973 3883 1050 3929 se
1105 3861 1353 3958 ferunt,
1417 3863 1664 3933 formae
1724 3880 1791 3938 et
1856 3871 2149 3962 dignitati
2202 3878 2374 3947 haud
2418 3907 2569 3950 con-
2637 3929 2642 3935 -

297 3999 522 4065 gruus.
625 3977 886 4052 Puncta
944 3986 1159 4043 tamen
1200 3975 1525 4064 literarum
1567 3979 1926 4066 diacritica,
1987 4000 2070 4072 ⁸ut
2112 4004 2259 4060 sunt
2309 4016 2382 4060 re
2431 3997 2569 4086 ipsa

295 4090 629 4179 graviora,
690 4090 796 4157 hic
844 4089 970 4157 illic
1028 4087 1400 4156 adscribere
1459 4093 1667 4181 magis
1725 4096 1925 4163 visum
1983 4114 2083 4170 est
2121 4111 2566 4176 necessarium.

294 4204 585 4293 Fertque
654 4204 905 4270 omnino
979 4203 1307 4290 signorum
1378 4204 1563 4295 hujus
1625 4211 1881 4295 generis
1938 4228 2160 4282 natura
2181 4269 2201 4299 ‚
2279 4233 2350 4288 ut
2409 4244 2564 4291 usus

376 4424 438 4493 1.)
492 4441 541 4479 v.
580 4426 853 4480 memoires
888 4424 921 4477 1.
954 4440 1000 4477 e.
1037 4441 1088 4492 p.
1112 4426 1217 4475 341
1251 4439 1363 4491 sqq.
1450 4424 1665 4481 Notices
1703 4435 1757 4480 et
1789 4428 1941 4487 Extr.
1978 4430 2043 4482 T.
2064 4433 2116 4481 Β.
2155 4450 2203 4499 p.
2225 4436 2347 4488 308.
