<?xml version="1.0" encoding="UTF-8"?>
<!DOCTYPE html PUBLIC "-//W3C//DTD XHTML 1.0 Transitional//EN"
    "http://www.w3.org/TR/xhtml1/DTD/xhtml1-transitional.dtd">
<html xmlns="http://www.w3.org/1999/xhtml" xml:lang="en" lang="en">
 <head>
  <title>
</title>
<meta http-equiv="Content-Type" content="text/html;charset=utf-8" />
  <meta name='ocr-system' content='tesseract 3.04.00' />
  <meta name='ocr-capabilities' content='ocr_page ocr_carea ocr_par ocr_line ocrx_word'/>
</head>
<body>
  <div class='ocr_page' id='page_1' title='image "./grammaticacriti00ewalgoog_0095.png"; bbox 0 0 2984 4959; ppageno 0'>
   <div class='ocr_carea' id='block_1_1' title="bbox 594 369 2510 465">
    <p class='ocr_par' dir='ltr' id='par_1_1' title="bbox 594 369 2510 465">
     <span class='ocr_line' id='line_1_1' title="bbox 594 369 2510 465; baseline 0.005 -26"><span class='ocrx_word' id='word_1_1' title='bbox 594 369 824 465; x_wconf 81' lang='lat' dir='ltr'><strong>Leges</strong></span> <span class='ocrx_word' id='word_1_2' title='bbox 869 371 1197 446; x_wconf 81' lang='lat' dir='ltr'><strong>radicum</strong></span> <span class='ocrx_word' id='word_1_3' title='bbox 1217 427 1236 459; x_wconf 89' lang='lat'><strong>,</strong></span> <span class='ocrx_word' id='word_1_4' title='bbox 1284 372 1623 465; x_wconf 73' lang='lat' dir='ltr'><strong>stirpium</strong></span> <span class='ocrx_word' id='word_1_5' title='bbox 1645 426 1667 461; x_wconf 87' lang='lat'>,</span> <span class='ocrx_word' id='word_1_6' title='bbox 1732 372 2160 447; x_wconf 86' lang='lat' dir='ltr'><strong>formarum.</strong></span> <span class='ocrx_word' id='word_1_7' title='bbox 2412 391 2510 459; x_wconf 79' lang='lat'><strong>81</strong></span> 
     </span>
    </p>
   </div>
   <div class='ocr_carea' id='block_1_2' title="bbox 364 606 2380 824">
    <p class='ocr_par' dir='ltr' id='par_1_2' title="bbox 364 606 2380 824">
     <span class='ocr_line' id='line_1_2' title="bbox 1050 606 1698 673; baseline 0 -2"><span class='ocrx_word' id='word_1_8' title='bbox 1050 606 1275 673; x_wconf 69' lang='lat' dir='ltr'><strong>[ann-:12</strong></span> <span class='ocrx_word' id='word_1_9' title='bbox 1320 608 1698 673; x_wconf 72' lang='lat' dir='ltr'><strong>Sncmmus.</strong></span> 
     </span>
     <span class='ocr_line' id='line_1_3' title="bbox 364 738 2380 824; baseline 0.005 -20"><span class='ocrx_word' id='word_1_10' title='bbox 364 738 502 816; x_wconf 58' lang='lat' dir='ltr'><strong>DE,</strong></span> <span class='ocrx_word' id='word_1_11' title='bbox 544 738 946 810; x_wconf 79' lang='lat' dir='ltr'><strong>LINGUAE</strong></span> <span class='ocrx_word' id='word_1_12' title='bbox 1005 741 1354 811; x_wconf 83' lang='lat' dir='ltr'>PORMIS</span> <span class='ocrx_word' id='word_1_13' title='bbox 1395 742 1901 824; x_wconf 83' lang='lat' dir='ltr'><strong>EARUMQUE</strong></span> <span class='ocrx_word' id='word_1_14' title='bbox 1941 744 2380 814; x_wconf 81' lang='lat' dir='ltr'><strong>NOTIONE.</strong></span> 
     </span>
    </p>
   </div>
   <div class='ocr_carea' id='block_1_3' title="bbox 236 935 2633 1705">
    <p class='ocr_par' dir='ltr' id='par_1_3' title="bbox 236 935 2633 1705">
     <span class='ocr_line' id='line_1_4' title="bbox 405 935 2633 1033; baseline 0.002 -30"><span class='ocrx_word' id='word_1_15' title='bbox 405 935 617 1003; x_wconf 87' lang='lat' dir='ltr'><strong>Voces</strong></span> <span class='ocrx_word' id='word_1_16' title='bbox 672 935 967 1024; x_wconf 75' lang='lat' dir='ltr'><strong>linguae»,</strong></span> <span class='ocrx_word' id='word_1_17' title='bbox 1034 961 1303 1026; x_wconf 89' lang='lat' dir='ltr'><strong>quarum</strong></span> <span class='ocrx_word' id='word_1_18' title='bbox 1362 941 1688 1031; x_wconf 83' lang='lat' dir='ltr'><strong>longiores</strong></span> <span class='ocrx_word' id='word_1_19' title='bbox 1729 941 2097 1032; x_wconf 38' lang='lat' dir='ltr'><strong>pleraeque·</strong></span> <span class='ocrx_word' id='word_1_20' title='bbox 2124 954 2271 1010; x_wconf 88' lang='lat' dir='ltr'><strong>sunt</strong></span> <span class='ocrx_word' id='word_1_21' title='bbox 2312 943 2509 1033; x_wconf 89' lang='lat' dir='ltr'><strong>pluri-</strong></span> <span class='ocrx_word' id='word_1_22' title='bbox 2527 955 2633 1008; x_wconf 71' lang='lat'><strong>14⁷</strong></span> 
     </span>
     <span class='ocr_line' id='line_1_5' title="bbox 236 1041 2509 1144; baseline 0.004 -31"><span class='ocrx_word' id='word_1_23' title='bbox 236 1067 478 1136; x_wconf 88' lang='lat' dir='ltr'><strong>umque</strong></span> <span class='ocrx_word' id='word_1_24' title='bbox 553 1049 962 1138; x_wconf 80' lang='lat' dir='ltr'><strong>syllabarum,</strong></span> <span class='ocrx_word' id='word_1_25' title='bbox 1042 1074 1123 1118; x_wconf 87' lang='lat' dir='ltr'><strong>ex</strong></span> <span class='ocrx_word' id='word_1_26' title='bbox 1179 1052 1500 1123; x_wconf 87' lang='lat' dir='ltr'><strong>elementis</strong></span> <span class='ocrx_word' id='word_1_27' title='bbox 1559 1055 1950 1130; x_wconf 86' lang='lat' dir='ltr'><strong>brevioribus</strong></span> <span class='ocrx_word' id='word_1_28' title='bbox 2006 1041 2328 1144; x_wconf 85' lang='lat' dir='ltr'><strong>prodiisse</strong></span> <span class='ocrx_word' id='word_1_29' title='bbox 2380 1079 2509 1123; x_wconf 89' lang='lat' dir='ltr'><strong>non</strong></span> 
     </span>
     <span class='ocr_line' id='line_1_6' title="bbox 238 1162 2510 1255; baseline 0.004 -29"><span class='ocrx_word' id='word_1_30' title='bbox 238 1162 592 1229; x_wconf 87' lang='lat' dir='ltr'><strong>communis</strong></span> <span class='ocrx_word' id='word_1_31' title='bbox 656 1173 901 1231; x_wconf 84' lang='lat' dir='ltr'><strong>tantum</strong></span> <span class='ocrx_word' id='word_1_32' title='bbox 953 1165 1232 1232; x_wconf 87' lang='lat' dir='ltr'><strong>omnium</strong></span> <span class='ocrx_word' id='word_1_33' title='bbox 1285 1167 1646 1255; x_wconf 90' lang='lat' dir='ltr'><strong>linguarum</strong></span> <span class='ocrx_word' id='word_1_34' title='bbox 1704 1166 1899 1235; x_wconf 90' lang='lat' dir='ltr'><strong>docet</strong></span> <span class='ocrx_word' id='word_1_35' title='bbox 1935 1168 2100 1238; x_wconf 84' lang='lat' dir='ltr'><strong>ratio</strong></span> <span class='ocrx_word' id='word_1_36' title='bbox 2123 1218 2143 1248; x_wconf 89' lang='lat'>‚</span> <span class='ocrx_word' id='word_1_37' title='bbox 2210 1168 2329 1236; x_wconf 91' lang='lat' dir='ltr'><strong>sed</strong></span> <span class='ocrx_word' id='word_1_38' title='bbox 2367 1169 2510 1255; x_wconf 85' lang='lat' dir='ltr'><strong>ipsa</strong></span> 
     </span>
     <span class='ocr_line' id='line_1_7' title="bbox 236 1277 2510 1362; baseline 0.004 -23"><span class='ocrx_word' id='word_1_39' title='bbox 236 1295 497 1362; x_wconf 87' lang='lat' dir='ltr'><strong>quoque</strong></span> <span class='ocrx_word' id='word_1_40' title='bbox 557 1298 784 1342; x_wconf 81' lang='lat' dir='ltr'><strong>vocum</strong></span> <span class='ocrx_word' id='word_1_41' title='bbox 842 1277 1240 1344; x_wconf 86' lang='lat' dir='ltr'><strong>arabicarum</strong></span> <span class='ocrx_word' id='word_1_42' title='bbox 1297 1279 1739 1348; x_wconf 79' lang='lat' dir='ltr'><strong>consideratio.</strong></span> <span class='ocrx_word' id='word_1_43' title='bbox 1819 1280 2024 1345; x_wconf 77' lang='lat' dir='ltr'><strong>&#39;Nam</strong></span> <span class='ocrx_word' id='word_1_44' title='bbox 2079 1278 2178 1345; x_wconf 82' lang='lat' dir='ltr'><strong>vel</strong></span> <span class='ocrx_word' id='word_1_45' title='bbox 2219 1280 2510 1347; x_wconf 83' lang='lat' dir='ltr'><strong>excultae</strong></span> 
     </span>
     <span class='ocr_line' id='line_1_8' title="bbox 237 1385 2508 1482; baseline 0.003 -30"><span class='ocrx_word' id='word_1_46' title='bbox 237 1385 325 1451; x_wconf 87' lang='lat' dir='ltr'><strong>ad</strong></span> <span class='ocrx_word' id='word_1_47' title='bbox 349 1387 593 1477; x_wconf 88' lang='lat' dir='ltr'><strong>justam</strong></span> <span class='ocrx_word' id='word_1_48' title='bbox 649 1391 987 1455; x_wconf 83' lang='lat' dir='ltr'><strong>verborum</strong></span> <span class='ocrx_word' id='word_1_49' title='bbox 1044 1392 1492 1482; x_wconf 87' lang='lat' dir='ltr'><strong>nominumque</strong></span> <span class='ocrx_word' id='word_1_50' title='bbox 1540 1415 1903 1459; x_wconf 87' lang='lat' dir='ltr'><strong>mensuram</strong></span> <span class='ocrx_word' id='word_1_51' title='bbox 1956 1392 2216 1478; x_wconf 84' lang='lat' dir='ltr'><strong>linguae</strong></span> <span class='ocrx_word' id='word_1_52' title='bbox 2255 1389 2508 1459; x_wconf 76' lang='lat' dir='ltr'><strong>radices</strong></span> 
     </span>
     <span class='ocr_line' id='line_1_9' title="bbox 237 1496 2509 1593; baseline 0.002 -28"><span class='ocrx_word' id='word_1_53' title='bbox 237 1496 347 1588; x_wconf 85' lang='lat'><strong>(§.</strong></span> <span class='ocrx_word' id='word_1_54' title='bbox 377 1499 539 1584; x_wconf 84' lang='lat'>148)</span> <span class='ocrx_word' id='word_1_55' title='bbox 574 1503 867 1569; x_wconf 85' lang='lat' dir='ltr'><strong>breviora</strong></span> <span class='ocrx_word' id='word_1_56' title='bbox 908 1503 1283 1585; x_wconf 81' lang='lat' dir='ltr'><strong>ostendunt,</strong></span> <span class='ocrx_word' id='word_1_57' title='bbox 1334 1504 1508 1580; x_wconf 71' lang='lat' dir='ltr'><strong>unde</strong></span> <span class='ocrx_word' id='word_1_58' title='bbox 1546 1504 1844 1593; x_wconf 86' lang='lat' dir='ltr'><strong>prodiere</strong></span> <span class='ocrx_word' id='word_1_59' title='bbox 1858 1555 1877 1584; x_wconf 89' lang='lat'>‚</span> <span class='ocrx_word' id='word_1_60' title='bbox 1926 1504 2272 1586; x_wconf 82' lang='lat' dir='ltr'><strong>elementa3</strong></span> <span class='ocrx_word' id='word_1_61' title='bbox 2316 1516 2509 1592; x_wconf 90' lang='lat' dir='ltr'><strong>atque</strong></span> 
     </span>
     <span class='ocr_line' id='line_1_10' title="bbox 236 1613 2505 1705; baseline 0.001 -28"><span class='ocrx_word' id='word_1_62' title='bbox 236 1613 550 1681; x_wconf 79' lang='lat' dir='ltr'><strong>vocabula</strong></span> <span class='ocrx_word' id='word_1_63' title='bbox 589 1615 783 1684; x_wconf 79' lang='lat' dir='ltr'><strong>multa</strong></span> <span class='ocrx_word' id='word_1_64' title='bbox 799 1666 821 1699; x_wconf 84' lang='lat'>‚</span> <span class='ocrx_word' id='word_1_65' title='bbox 861 1638 1032 1705; x_wconf 88' lang='lat' dir='ltr'><strong>quae</strong></span> <span class='ocrx_word' id='word_1_66' title='bbox 1059 1619 1501 1705; x_wconf 85' lang='lat' dir='ltr'><strong>pronominum</strong></span> <span class='ocrx_word' id='word_1_67' title='bbox 1542 1628 1609 1684; x_wconf 92' lang='lat' dir='ltr'><strong>et</strong></span> <span class='ocrx_word' id='word_1_68' title='bbox 1645 1616 2094 1705; x_wconf 86' lang='lat' dir='ltr'><strong>particularum</strong></span> <span class='ocrx_word' id='word_1_69' title='bbox 2117 1614 2242 1679; x_wconf 83' lang='lat' dir='ltr'><strong>vim</strong></span> <span class='ocrx_word' id='word_1_70' title='bbox 2266 1625 2505 1698; x_wconf 88' lang='lat' dir='ltr'><strong>tenent,</strong></span> 
     </span>
    </p>
   </div>
   <div class='ocr_carea' id='block_1_4' title="bbox 238 1728 2336 1838">
    <p class='ocr_par' dir='ltr' id='par_1_4' title="bbox 238 1728 2336 1838">
     <span class='ocr_line' id='line_1_11' title="bbox 238 1728 2336 1838; baseline 0.001 -27"><span class='ocrx_word' id='word_1_71' title='bbox 238 1754 316 1812; x_wconf 87' lang='lat' dir='ltr'><strong>ut</strong></span> <span class='ocrx_word' id='word_1_72' title='bbox 348 1728 420 1825; x_wconf 60' lang='lat' dir='ltr'><strong>[a</strong></span> <span class='ocrx_word' id='word_1_73' title='bbox 468 1745 641 1834; x_wconf 81' lang='lat' dir='ltr'><strong>quid</strong></span> <span class='ocrx_word' id='word_1_74' title='bbox 654 1793 678 1824; x_wconf 87' lang='lat'><em>‚</em></span> <span class='ocrx_word' id='word_1_75' title='bbox 746 1758 959 1838; x_wconf 88' lang='lat' dir='ltr'><strong>etyma</strong></span> <span class='ocrx_word' id='word_1_76' title='bbox 997 1748 1179 1830; x_wconf 83' lang='lat' dir='ltr'><strong>unius</strong></span> <span class='ocrx_word' id='word_1_77' title='bbox 1226 1748 1507 1838; x_wconf 86' lang='lat' dir='ltr'><strong>syllabae</strong></span> <span class='ocrx_word' id='word_1_78' title='bbox 1548 1748 1914 1815; x_wconf 85' lang='lat' dir='ltr'><strong>brevissima</strong></span> <span class='ocrx_word' id='word_1_79' title='bbox 1951 1756 2336 1814; x_wconf 85' lang='lat' dir='ltr'><strong>manserunt.</strong></span> 
     </span>
    </p>
   </div>
   <div class='ocr_carea' id='block_1_5' title="bbox 239 1935 2645 3497">
    <p class='ocr_par' dir='ltr' id='par_1_5' title="bbox 239 1935 2645 3497">
     <span class='ocr_line' id='line_1_12' title="bbox 411 1935 2645 2031; baseline 0.003 -28"><span class='ocrx_word' id='word_1_80' title='bbox 411 1935 548 2004; x_wconf 88' lang='lat' dir='ltr'><strong>Sed</strong></span> <span class='ocrx_word' id='word_1_81' title='bbox 602 1962 769 2026; x_wconf 90' lang='lat' dir='ltr'><strong>quae</strong></span> <span class='ocrx_word' id='word_1_82' title='bbox 823 1964 1013 2008; x_wconf 81' lang='lat' dir='ltr'><strong>voces</strong></span> <span class='ocrx_word' id='word_1_83' title='bbox 1079 1940 1164 2008; x_wconf 90' lang='lat' dir='ltr'><strong>ad</strong></span> <span class='ocrx_word' id='word_1_84' title='bbox 1206 1945 1545 2011; x_wconf 89' lang='lat' dir='ltr'><strong>verborum</strong></span> <span class='ocrx_word' id='word_1_85' title='bbox 1584 1940 2033 2031; x_wconf 86' lang='lat' dir='ltr'><strong>nominumque</strong></span> <span class='ocrx_word' id='word_1_86' title='bbox 2075 1942 2398 2008; x_wconf 91' lang='lat' dir='ltr'><strong>notionem</strong></span> <span class='ocrx_word' id='word_1_87' title='bbox 2442 1952 2510 2009; x_wconf 91' lang='lat' dir='ltr'><strong>et</strong></span> <span class='ocrx_word' id='word_1_88' title='bbox 2535 1968 2645 2019; x_wconf 78' lang='lat'><strong>148</strong></span> 
     </span>
     <span class='ocr_line' id='line_1_13' title="bbox 239 2049 2509 2142; baseline 0.003 -27"><span class='ocrx_word' id='word_1_89' title='bbox 239 2049 576 2117; x_wconf 86' lang='lat' dir='ltr'><strong>flexionem</strong></span> <span class='ocrx_word' id='word_1_90' title='bbox 616 2054 853 2119; x_wconf 82' lang='lat' dir='ltr'><strong>variam</strong></span> <span class='ocrx_word' id='word_1_91' title='bbox 893 2053 1233 2121; x_wconf 89' lang='lat' dir='ltr'><strong>tenendam</strong></span> <span class='ocrx_word' id='word_1_92' title='bbox 1275 2056 1567 2123; x_wconf 83' lang='lat' dir='ltr'><strong>excultae</strong></span> <span class='ocrx_word' id='word_1_93' title='bbox 1605 2068 1784 2136; x_wconf 83' lang='lat' dir='ltr'><strong>sunt,</strong></span> <span class='ocrx_word' id='word_1_94' title='bbox 1828 2079 1945 2123; x_wconf 89' lang='lat' dir='ltr'><strong>eae</strong></span> <span class='ocrx_word' id='word_1_95' title='bbox 1984 2057 2113 2121; x_wconf 73' lang='lat' dir='ltr'><strong>una</strong></span> <span class='ocrx_word' id='word_1_96' title='bbox 2145 2078 2223 2120; x_wconf 86' lang='lat' dir='ltr'><strong>ex</strong></span> <span class='ocrx_word' id='word_1_97' title='bbox 2249 2055 2509 2142; x_wconf 86' lang='lat' dir='ltr'><strong>linguae</strong></span> 
     </span>
     <span class='ocr_line' id='line_1_14' title="bbox 241 2162 2514 2256; baseline 0.003 -29"><span class='ocrx_word' id='word_1_98' title='bbox 241 2162 392 2251; x_wconf 89' lang='lat' dir='ltr'><strong>lege</strong></span> <span class='ocrx_word' id='word_1_99' title='bbox 446 2167 751 2252; x_wconf 58' lang='lat' dir='ltr'><strong>perpetua}⁴</strong></span> <span class='ocrx_word' id='word_1_100' title='bbox 813 2164 898 2230; x_wconf 95' lang='lat' dir='ltr'><strong>ad</strong></span> <span class='ocrx_word' id='word_1_101' title='bbox 957 2165 1148 2232; x_wconf 88' lang='lat' dir='ltr'><strong>trium</strong></span> <span class='ocrx_word' id='word_1_102' title='bbox 1226 2190 1529 2234; x_wconf 90' lang='lat' dir='ltr'><strong>sonorum</strong></span> <span class='ocrx_word' id='word_1_103' title='bbox 1609 2170 1772 2233; x_wconf 89' lang='lat' dir='ltr'><strong>bene</strong></span> <span class='ocrx_word' id='word_1_104' title='bbox 1842 2167 2277 2234; x_wconf 87' lang='lat' dir='ltr'><strong>distinctorum</strong></span> <span class='ocrx_word' id='word_1_105' title='bbox 2359 2167 2514 2256; x_wconf 89' lang='lat' dir='ltr'><strong>(seu</strong></span> 
     </span>
     <span class='ocr_line' id='line_1_15' title="bbox 241 2276 2514 2364; baseline 0.002 -23"><span class='ocrx_word' id='word_1_106' title='bbox 241 2276 433 2342; x_wconf 85' lang='lat' dir='ltr'><strong>trium</strong></span> <span class='ocrx_word' id='word_1_107' title='bbox 505 2276 873 2343; x_wconf 88' lang='lat' dir='ltr'><strong>radicalium</strong></span> <span class='ocrx_word' id='word_1_108' title='bbox 940 2278 1302 2364; x_wconf 87' lang='lat' dir='ltr'><strong>literarum)</strong></span> <span class='ocrx_word' id='word_1_109' title='bbox 1378 2280 1681 2348; x_wconf 89' lang='lat' dir='ltr'><strong>ambitum</strong></span> <span class='ocrx_word' id='word_1_110' title='bbox 1755 2279 2187 2350; x_wconf 83' lang='lat' dir='ltr'><strong>excreverunt.</strong></span> <span class='ocrx_word' id='word_1_111' title='bbox 2313 2280 2514 2346; x_wconf 90' lang='lat' dir='ltr'><strong>Hunc</strong></span> 
     </span>
     <span class='ocr_line' id='line_1_16' title="bbox 245 2369 2610 2483; baseline 0.003 -29"><span class='ocrx_word' id='word_1_112' title='bbox 245 2389 413 2455; x_wconf 91' lang='lat' dir='ltr'><strong>enim</strong></span> <span class='ocrx_word' id='word_1_113' title='bbox 452 2389 643 2456; x_wconf 88' lang='lat' dir='ltr'><strong>trium</strong></span> <span class='ocrx_word' id='word_1_114' title='bbox 689 2390 1056 2458; x_wconf 86' lang='lat' dir='ltr'><strong>radicalium</strong></span> <span class='ocrx_word' id='word_1_115' title='bbox 1099 2370 1401 2458; x_wconf 84' lang='lat' dir='ltr'><strong>ambitum</strong></span> <span class='ocrx_word' id='word_1_116' title='bbox 1441 2369 1824 2483; x_wconf 75' lang='lat' dir='ltr'><strong>perpetuum</strong></span> <span class='ocrx_word' id='word_1_117' title='bbox 1865 2391 2257 2459; x_wconf 74' lang='lat' dir='ltr'><strong>formationis</strong></span> <span class='ocrx_word' id='word_1_118' title='bbox 2289 2402 2513 2480; x_wconf 85' lang='lat' dir='ltr'><strong>postu-</strong></span> <span class='ocrx_word' id='word_1_119' title='bbox 2605 2435 2610 2442; x_wconf 89' lang='lat'><em>·</em></span> 
     </span>
     <span class='ocr_line' id='line_1_17' title="bbox 243 2501 2514 2594; baseline 0.001 -26"><span class='ocrx_word' id='word_1_120' title='bbox 243 2501 337 2570; x_wconf 88' lang='lat' dir='ltr'><strong>lat</strong></span> <span class='ocrx_word' id='word_1_121' title='bbox 391 2526 636 2592; x_wconf 88' lang='lat' dir='ltr'><strong>aequae</strong></span> <span class='ocrx_word' id='word_1_122' title='bbox 700 2515 766 2573; x_wconf 90' lang='lat' dir='ltr'><strong>et</strong></span> <span class='ocrx_word' id='word_1_123' title='bbox 833 2504 1181 2570; x_wconf 88' lang='lat' dir='ltr'><strong>concinnae</strong></span> <span class='ocrx_word' id='word_1_124' title='bbox 1237 2502 1339 2571; x_wconf 82' lang='lat' dir='ltr'><strong>lex</strong></span> <span class='ocrx_word' id='word_1_125' title='bbox 1402 2504 1718 2594; x_wconf 87' lang='lat' dir='ltr'><strong>quaedam</strong></span> <span class='ocrx_word' id='word_1_126' title='bbox 1771 2528 2037 2571; x_wconf 87' lang='lat' dir='ltr'><strong>summa.</strong></span> <span class='ocrx_word' id='word_1_127' title='bbox 2151 2504 2323 2569; x_wconf 89' lang='lat' dir='ltr'><strong>Nam</strong></span> <span class='ocrx_word' id='word_1_128' title='bbox 2366 2527 2514 2570; x_wconf 91' lang='lat' dir='ltr'><strong>cum</strong></span> 
     </span>
     <span class='ocr_line' id='line_1_18' title="bbox 244 2613 2517 2705; baseline 0.001 -24"><span class='ocrx_word' id='word_1_129' title='bbox 244 2618 593 2705; x_wconf 86' lang='lat' dir='ltr'><strong>praecipua</strong></span> <span class='ocrx_word' id='word_1_130' title='bbox 651 2617 1039 2685; x_wconf 86' lang='lat' dir='ltr'><strong>formationis</strong></span> <span class='ocrx_word' id='word_1_131' title='bbox 1095 2613 1290 2684; x_wconf 84' lang='lat' dir='ltr'><strong>virtus</strong></span> <span class='ocrx_word' id='word_1_132' title='bbox 1346 2627 1415 2684; x_wconf 91' lang='lat' dir='ltr'><strong>et</strong></span> <span class='ocrx_word' id='word_1_133' title='bbox 1453 2618 1543 2683; x_wconf 83' lang='lat' dir='ltr'><strong>vis</strong></span> <span class='ocrx_word' id='word_1_134' title='bbox 1585 2617 1649 2682; x_wconf 91' lang='lat' dir='ltr'><strong>in</strong></span> <span class='ocrx_word' id='word_1_135' title='bbox 1692 2616 2011 2687; x_wconf 84' lang='lat' dir='ltr'><strong>vocalibus</strong></span> <span class='ocrx_word' id='word_1_136' title='bbox 2057 2628 2311 2684; x_wconf 89' lang='lat' dir='ltr'><strong>constet</strong></span> <span class='ocrx_word' id='word_1_137' title='bbox 2351 2617 2517 2685; x_wconf 86' lang='lat' dir='ltr'><strong>intra</strong></span> 
     </span>
     <span class='ocr_line' id='line_1_19' title="bbox 244 2728 2517 2818; baseline 0.001 -24"><span class='ocrx_word' id='word_1_138' title='bbox 244 2728 479 2796; x_wconf 85' lang='lat' dir='ltr'><strong>radicis</strong></span> <span class='ocrx_word' id='word_1_139' title='bbox 532 2730 755 2797; x_wconf 89' lang='lat' dir='ltr'><strong>limites</strong></span> <span class='ocrx_word' id='word_1_140' title='bbox 791 2728 876 2797; x_wconf 89' lang='lat' dir='ltr'><strong>ad</strong></span> <span class='ocrx_word' id='word_1_141' title='bbox 915 2730 1201 2797; x_wconf 87' lang='lat' dir='ltr'><strong>notiones</strong></span> <span class='ocrx_word' id='word_1_142' title='bbox 1244 2728 1723 2818; x_wconf 88' lang='lat' dir='ltr'><strong>distinguendas</strong></span> <span class='ocrx_word' id='word_1_143' title='bbox 1766 2734 1971 2818; x_wconf 71' lang='lat' dir='ltr'><strong>aequa</strong></span> <span class='ocrx_word' id='word_1_144' title='bbox 2009 2731 2161 2818; x_wconf 88' lang='lat' dir='ltr'><strong>lege</strong></span> <span class='ocrx_word' id='word_1_145' title='bbox 2202 2730 2517 2798; x_wconf 81' lang='lat' dir='ltr'><strong>variandis</strong></span> 
     </span>
     <span class='ocr_line' id='line_1_20' title="bbox 249 2840 2519 2933; baseline 0.001 -25"><span class='ocrx_word' id='word_1_146' title='bbox 249 2840 585 2931; x_wconf 83' lang='grc'><strong>(5.152),</strong></span> <span class='ocrx_word' id='word_1_147' title='bbox 643 2854 774 2911; x_wconf 87' lang='lat' dir='ltr'><strong>tres</strong></span> <span class='ocrx_word' id='word_1_148' title='bbox 828 2864 1079 2933; x_wconf 87' lang='lat' dir='ltr'><strong>semper</strong></span> <span class='ocrx_word' id='word_1_149' title='bbox 1136 2841 1346 2910; x_wconf 87' lang='lat' dir='ltr'><strong>adsint</strong></span> <span class='ocrx_word' id='word_1_150' title='bbox 1395 2865 1663 2910; x_wconf 90' lang='lat' dir='ltr'><strong>necesse</strong></span> <span class='ocrx_word' id='word_1_151' title='bbox 1713 2854 1811 2910; x_wconf 90' lang='lat' dir='ltr'><strong>est</strong></span> <span class='ocrx_word' id='word_1_152' title='bbox 1828 2842 2074 2910; x_wconf 79' lang='lat' dir='ltr'><strong>&#39;radicis</strong></span> <span class='ocrx_word' id='word_1_153' title='bbox 2119 2844 2291 2925; x_wconf 86' lang='lat' dir='ltr'><strong>soni,</strong></span> <span class='ocrx_word' id='word_1_154' title='bbox 2351 2845 2519 2910; x_wconf 83' lang='lat' dir='ltr'><strong>intra</strong></span> 
     </span>
     <span class='ocr_line' id='line_1_21' title="bbox 248 2955 2518 3046; baseline -0 -25"><span class='ocrx_word' id='word_1_155' title='bbox 248 2977 414 3044; x_wconf 86' lang='lat' dir='ltr'><strong>quos</strong></span> <span class='ocrx_word' id='word_1_156' title='bbox 472 2956 722 3024; x_wconf 83' lang='lat' dir='ltr'><strong>vocales</strong></span> <span class='ocrx_word' id='word_1_157' title='bbox 765 2967 833 3024; x_wconf 89' lang='lat' dir='ltr'><strong>et</strong></span> <span class='ocrx_word' id='word_1_158' title='bbox 874 2958 1022 3024; x_wconf 89' lang='lat' dir='ltr'><strong>satis</strong></span> <span class='ocrx_word' id='word_1_159' title='bbox 1062 2956 1297 3023; x_wconf 91' lang='lat' dir='ltr'><strong>multae</strong></span> <span class='ocrx_word' id='word_1_160' title='bbox 1341 2967 1536 3044; x_wconf 90' lang='lat' dir='ltr'><strong>atque</strong></span> <span class='ocrx_word' id='word_1_161' title='bbox 1576 2957 1951 3046; x_wconf 88' lang='lat' dir='ltr'><strong>perspicuae</strong></span> <span class='ocrx_word' id='word_1_162' title='bbox 1989 2967 2056 3022; x_wconf 93' lang='lat' dir='ltr'><strong>et</strong></span> <span class='ocrx_word' id='word_1_163' title='bbox 2098 2955 2321 3021; x_wconf 71' lang='lat' dir='ltr'><strong>eadem</strong></span> <span class='ocrx_word' id='word_1_164' title='bbox 2364 2978 2518 3020; x_wconf 89' lang='lat' dir='ltr'><strong>con-</strong></span> 
     </span>
     <span class='ocr_line' id='line_1_22' title="bbox 249 3067 2518 3157; baseline -0.001 -21"><span class='ocrx_word' id='word_1_165' title='bbox 249 3070 429 3136; x_wconf 88' lang='lat' dir='ltr'><strong>tinuo</strong></span> <span class='ocrx_word' id='word_1_166' title='bbox 496 3070 701 3135; x_wconf 74' lang='lat' dir='ltr'><strong>forma</strong></span> <span class='ocrx_word' id='word_1_167' title='bbox 750 3069 978 3135; x_wconf 81' lang='lat' dir='ltr'><strong>variari</strong></span> <span class='ocrx_word' id='word_1_168' title='bbox 1030 3069 1293 3157; x_wconf 84' lang='lat' dir='ltr'><strong>possint.</strong></span> <span class='ocrx_word' id='word_1_169' title='bbox 1405 3068 1717 3157; x_wconf 87' lang='lat' dir='ltr'><strong>Adeoque</strong></span> <span class='ocrx_word' id='word_1_170' title='bbox 1770 3069 1935 3135; x_wconf 89' lang='lat' dir='ltr'><strong>haec</strong></span> <span class='ocrx_word' id='word_1_171' title='bbox 1997 3069 2188 3135; x_wconf 89' lang='lat' dir='ltr'><strong>trium</strong></span> <span class='ocrx_word' id='word_1_172' title='bbox 2230 3067 2518 3135; x_wconf 89' lang='lat' dir='ltr'><strong>radicum</strong></span> 
     </span>
     <span class='ocr_line' id='line_1_23' title="bbox 248 3180 2518 3269; baseline -0 -22"><span class='ocrx_word' id='word_1_173' title='bbox 248 3182 414 3250; x_wconf 87' lang='lat' dir='ltr'><strong>ratio</strong></span> <span class='ocrx_word' id='word_1_174' title='bbox 446 3180 849 3262; x_wconf 61' lang='lat' dir='ltr'><strong>dominatur,</strong></span> <span class='ocrx_word' id='word_1_175' title='bbox 907 3192 982 3249; x_wconf 88' lang='lat' dir='ltr'><strong>ut</strong></span> <span class='ocrx_word' id='word_1_176' title='bbox 1028 3204 1243 3254; x_wconf 55' lang='lat' dir='ltr'><strong>voces.</strong></span> <span class='ocrx_word' id='word_1_177' title='bbox 1277 3189 1343 3246; x_wconf 92' lang='lat' dir='ltr'><strong>et</strong></span> <span class='ocrx_word' id='word_1_178' title='bbox 1394 3182 1577 3249; x_wconf 86' lang='lat' dir='ltr'><strong>nimis</strong></span> <span class='ocrx_word' id='word_1_179' title='bbox 1629 3181 1865 3269; x_wconf 90' lang='lat' dir='ltr'><strong>longae</strong></span> <span class='ocrx_word' id='word_1_180' title='bbox 1903 3203 2100 3269; x_wconf 90' lang='lat' dir='ltr'><strong>saepe</strong></span> <span class='ocrx_word' id='word_1_181' title='bbox 2140 3181 2518 3248; x_wconf 88' lang='lat' dir='ltr'><strong>contrahan-</strong></span> 
     </span>
     <span class='ocr_line' id='line_1_24' title="bbox 250 3293 2523 3364; baseline -0.001 -2"><span class='ocrx_word' id='word_1_182' title='bbox 250 3307 363 3362; x_wconf 87' lang='lat' dir='ltr'><strong>tur</strong></span> <span class='ocrx_word' id='word_1_183' title='bbox 439 3306 506 3362; x_wconf 93' lang='lat' dir='ltr'><strong>et</strong></span> <span class='ocrx_word' id='word_1_184' title='bbox 569 3295 751 3362; x_wconf 87' lang='lat' dir='ltr'><strong>nimis</strong></span> <span class='ocrx_word' id='word_1_185' title='bbox 831 3297 1058 3364; x_wconf 87' lang='lat' dir='ltr'><strong>breves</strong></span> <span class='ocrx_word' id='word_1_186' title='bbox 1121 3317 1206 3362; x_wconf 91' lang='lat' dir='ltr'><strong>ac</strong></span> <span class='ocrx_word' id='word_1_187' title='bbox 1272 3294 1487 3361; x_wconf 85' lang='lat' dir='ltr'><strong>fluxae</strong></span> <span class='ocrx_word' id='word_1_188' title='bbox 1561 3293 1852 3361; x_wconf 86' lang='lat' dir='ltr'><strong>redditae</strong></span> <span class='ocrx_word' id='word_1_189' title='bbox 1919 3294 2083 3360; x_wconf 69' lang='lat' dir='ltr'><strong>nova</strong></span> <span class='ocrx_word' id='word_1_190' title='bbox 2143 3293 2523 3361; x_wconf 85' lang='lat' dir='ltr'><strong>formatione</strong></span> 
     </span>
     <span class='ocr_line' id='line_1_25' title="bbox 250 3420 631 3497; baseline -0.003 -23"><span class='ocrx_word' id='word_1_191' title='bbox 250 3420 631 3497; x_wconf 83' lang='lat' dir='ltr'><strong>augeantur.</strong></span> 
     </span>
    </p>
   </div>
   <div class='ocr_carea' id='block_1_6' title="bbox 247 3588 2658 4474">
    <p class='ocr_par' dir='ltr' id='par_1_6' title="bbox 247 3588 2658 4474">
     <span class='ocr_line' id='line_1_26' title="bbox 425 3588 2658 3680; baseline -0.002 -18"><span class='ocrx_word' id='word_1_192' title='bbox 425 3593 594 3662; x_wconf 83' lang='lat' dir='ltr'><strong>Cum</strong></span> <span class='ocrx_word' id='word_1_193' title='bbox 646 3590 735 3659; x_wconf 87' lang='lat' dir='ltr'><strong>ita</strong></span> <span class='ocrx_word' id='word_1_194' title='bbox 786 3590 1038 3657; x_wconf 81' lang='lat' dir='ltr'><strong>vocales</strong></span> <span class='ocrx_word' id='word_1_195' title='bbox 1090 3590 1380 3658; x_wconf 84' lang='lat' dir='ltr'><strong>notiones</strong></span> <span class='ocrx_word' id='word_1_196' title='bbox 1443 3611 1615 3680; x_wconf 24' lang='lat' dir='ltr'><strong>quae.</strong></span> <span class='ocrx_word' id='word_1_197' title='bbox 1668 3613 1748 3657; x_wconf 86' lang='lat' dir='ltr'><strong>ex</strong></span> <span class='ocrx_word' id='word_1_198' title='bbox 1804 3590 2026 3659; x_wconf 85' lang='lat' dir='ltr'><strong>radice</strong></span> <span class='ocrx_word' id='word_1_199' title='bbox 2068 3588 2337 3659; x_wconf 83' lang='lat' dir='ltr'><strong>derivari</strong></span> <span class='ocrx_word' id='word_1_200' title='bbox 2365 3612 2525 3679; x_wconf 67' lang='lat' dir='ltr'><strong>⁴pos-</strong></span> <span class='ocrx_word' id='word_1_201' title='bbox 2550 3617 2658 3670; x_wconf 77' lang='lat'><strong>149</strong></span> 
     </span>
     <span class='ocr_line' id='line_1_27' title="bbox 256 3701 2523 3793; baseline -0.004 -17"><span class='ocrx_word' id='word_1_202' title='bbox 256 3716 407 3776; x_wconf 88' lang='lat' dir='ltr'><strong>sunt</strong></span> <span class='ocrx_word' id='word_1_203' title='bbox 458 3701 892 3793; x_wconf 84' lang='lat' dir='ltr'><strong>distinguendi</strong></span> <span class='ocrx_word' id='word_1_204' title='bbox 949 3706 1143 3770; x_wconf 71' lang='lat' dir='ltr'><strong>causa</strong></span> <span class='ocrx_word' id='word_1_205' title='bbox 1199 3701 1428 3771; x_wconf 89' lang='lat' dir='ltr'><strong>eodem</strong></span> <span class='ocrx_word' id='word_1_206' title='bbox 1479 3703 1648 3770; x_wconf 82' lang='lat' dir='ltr'><strong>intra</strong></span> <span class='ocrx_word' id='word_1_207' title='bbox 1726 3727 1944 3772; x_wconf 89' lang='lat' dir='ltr'><strong>omnes</strong></span> <span class='ocrx_word' id='word_1_208' title='bbox 2013 3703 2262 3777; x_wconf 87' lang='lat' dir='ltr'><strong>radices</strong></span> <span class='ocrx_word' id='word_1_209' title='bbox 2329 3703 2523 3769; x_wconf 90' lang='lat' dir='ltr'><strong>modo</strong></span> 
     </span>
     <span class='ocr_line' id='line_1_28' title="bbox 257 3817 2528 3905; baseline -0.002 -18"><span class='ocrx_word' id='word_1_210' title='bbox 257 3821 610 3901; x_wconf 80' lang='lat' dir='ltr'><strong>varientur,</strong></span> <span class='ocrx_word' id='word_1_211' title='bbox 681 3817 933 3894; x_wconf 87' lang='lat' dir='ltr'><strong>radices</strong></span> <span class='ocrx_word' id='word_1_212' title='bbox 990 3817 1477 3884; x_wconf 87' lang='lat' dir='ltr'><strong>consonantibus</strong></span> <span class='ocrx_word' id='word_1_213' title='bbox 1519 3817 1728 3905; x_wconf 86' lang='lat' dir='ltr'><strong>potius</strong></span> <span class='ocrx_word' id='word_1_214' title='bbox 1768 3820 1969 3886; x_wconf 86' lang='lat' dir='ltr'><strong>tribus</strong></span> <span class='ocrx_word' id='word_1_215' title='bbox 2013 3818 2335 3886; x_wconf 85' lang='lat' dir='ltr'><strong>stabilibus</strong></span> <span class='ocrx_word' id='word_1_216' title='bbox 2375 3840 2528 3884; x_wconf 90' lang='lat' dir='ltr'><strong>con·</strong></span> 
     </span>
     <span class='ocr_line' id='line_1_29' title="bbox 247 3930 2530 4014; baseline -0.002 -13"><span class='ocrx_word' id='word_1_217' title='bbox 247 3943 461 4014; x_wconf 71' lang='lat' dir='ltr'><strong>stant,</strong></span> <span class='ocrx_word' id='word_1_218' title='bbox 516 3944 589 4000; x_wconf 88' lang='lat' dir='ltr'><strong>ut</strong></span> <span class='ocrx_word' id='word_1_219' title='bbox 630 3931 860 3998; x_wconf 87' lang='lat' dir='ltr'><strong>radicis</strong></span> <span class='ocrx_word' id='word_1_220' title='bbox 905 3930 995 3996; x_wconf 82' lang='lat' dir='ltr'><strong>vis</strong></span> <span class='ocrx_word' id='word_1_221' title='bbox 1040 3940 1106 3997; x_wconf 92' lang='lat' dir='ltr'><strong>et</strong></span> <span class='ocrx_word' id='word_1_222' title='bbox 1148 3930 1323 3997; x_wconf 90' lang='lat' dir='ltr'><strong>notio</strong></span> <span class='ocrx_word' id='word_1_223' title='bbox 1365 3953 1494 3996; x_wconf 90' lang='lat' dir='ltr'><strong>non</strong></span> <span class='ocrx_word' id='word_1_224' title='bbox 1536 3954 1575 3997; x_wconf 90' lang='lat' dir='ltr'><strong>e</strong></span> <span class='ocrx_word' id='word_1_225' title='bbox 1614 3931 1925 3998; x_wconf 82' lang='lat' dir='ltr'><strong>vocalium</strong></span> <span class='ocrx_word' id='word_1_226' title='bbox 1970 3930 2089 4004; x_wconf 88' lang='lat' dir='ltr'><strong>sed</strong></span> <span class='ocrx_word' id='word_1_227' title='bbox 2124 3956 2163 3997; x_wconf 93' lang='lat' dir='ltr'><strong>e</strong></span> <span class='ocrx_word' id='word_1_228' title='bbox 2202 3932 2335 3998; x_wconf 72' lang='lat' dir='ltr'><strong>sola</strong></span> <span class='ocrx_word' id='word_1_229' title='bbox 2375 3954 2530 3999; x_wconf 89' lang='lat' dir='ltr'><strong>con·</strong></span> 
     </span>
     <span class='ocr_line' id='line_1_30' title="bbox 259 4042 2530 4134; baseline -0.001 -20"><span class='ocrx_word' id='word_1_230' title='bbox 259 4046 616 4114; x_wconf 88' lang='lat' dir='ltr'><strong>sonantium</strong></span> <span class='ocrx_word' id='word_1_231' title='bbox 701 4043 1101 4113; x_wconf 87' lang='lat' dir='ltr'><strong>distinctione</strong></span> <span class='ocrx_word' id='word_1_232' title='bbox 1174 4042 1468 4133; x_wconf 81' lang='lat' dir='ltr'><strong>pendeat.</strong></span> <span class='ocrx_word' id='word_1_233' title='bbox 1523 4107 1534 4119; x_wconf 87' lang='grc'><strong><em>,</em></strong></span> <span class='ocrx_word' id='word_1_234' title='bbox 1612 4044 1748 4112; x_wconf 86' lang='lat' dir='ltr'><strong>Sed</strong></span> <span class='ocrx_word' id='word_1_235' title='bbox 1840 4068 2201 4134; x_wconf 89' lang='lat' dir='ltr'><strong>quanquam</strong></span> <span class='ocrx_word' id='word_1_236' title='bbox 2278 4046 2530 4113; x_wconf 88' lang='lat' dir='ltr'><strong>radices</strong></span> 
     </span>
     <span class='ocr_line' id='line_1_31' title="bbox 261 4141 2532 4250; baseline -0 -26"><span class='ocrx_word' id='word_1_237' title='bbox 261 4141 566 4250; x_wconf 72' lang='lat' dir='ltr'><strong>plurimae</strong></span> <span class='ocrx_word' id='word_1_238' title='bbox 604 4169 737 4226; x_wconf 82' lang='lat' dir='ltr'><strong>tres</strong></span> <span class='ocrx_word' id='word_1_239' title='bbox 791 4158 1030 4224; x_wconf 86' lang='lat' dir='ltr'><strong>habent</strong></span> <span class='ocrx_word' id='word_1_240' title='bbox 1091 4167 1510 4224; x_wconf 87' lang='lat' dir='ltr'><strong>consonantes</strong></span> <span class='ocrx_word' id='word_1_241' title='bbox 1567 4157 1819 4244; x_wconf 88' lang='lat' dir='ltr'><strong>stabiles</strong></span> <span class='ocrx_word' id='word_1_242' title='bbox 1864 4170 1931 4225; x_wconf 93' lang='lat' dir='ltr'><strong>et</strong></span> <span class='ocrx_word' id='word_1_243' title='bbox 1973 4158 2296 4227; x_wconf 86' lang='lat' dir='ltr'><strong>distinctas</strong></span> <span class='ocrx_word' id='word_1_244' title='bbox 2313 4211 2332 4240; x_wconf 86' lang='lat'>‚</span> <span class='ocrx_word' id='word_1_245' title='bbox 2374 4180 2532 4224; x_wconf 89' lang='lat' dir='ltr'><strong>non-</strong></span> 
     </span>
     <span class='ocr_line' id='line_1_32' title="bbox 263 4257 2533 4359; baseline -0.001 -20"><span class='ocrx_word' id='word_1_246' title='bbox 263 4271 473 4339; x_wconf 88' lang='lat' dir='ltr'><strong>nullae</strong></span> <span class='ocrx_word' id='word_1_247' title='bbox 522 4282 739 4338; x_wconf 86' lang='lat' dir='ltr'><strong>tamen</strong></span> <span class='ocrx_word' id='word_1_248' title='bbox 780 4271 1168 4352; x_wconf 74' lang='lat' dir='ltr'><strong>breviorem,</strong></span> <span class='ocrx_word' id='word_1_249' title='bbox 1226 4293 1392 4359; x_wconf 89' lang='lat' dir='ltr'><strong>quae</strong></span> <span class='ocrx_word' id='word_1_250' title='bbox 1434 4269 1777 4357; x_wconf 88' lang='lat' dir='ltr'><strong>antiquitus</strong></span> <span class='ocrx_word' id='word_1_251' title='bbox 1820 4270 1972 4352; x_wconf 84' lang='lat' dir='ltr'><strong>fuit,</strong></span> <span class='ocrx_word' id='word_1_252' title='bbox 2028 4257 2331 4340; x_wconf 74' lang='lat' dir='ltr'><strong>ambitum</strong></span> <span class='ocrx_word' id='word_1_253' title='bbox 2372 4271 2533 4338; x_wconf 87' lang='lat' dir='ltr'><strong>fide-</strong></span> 
     </span>
     <span class='ocr_line' id='line_1_33' title="bbox 263 4379 2616 4474; baseline 0 -24"><span class='ocrx_word' id='word_1_254' title='bbox 263 4379 386 4453; x_wconf 85' lang='lat' dir='ltr'><strong>lius</strong></span> <span class='ocrx_word' id='word_1_255' title='bbox 439 4393 784 4454; x_wconf 84' lang='lat' dir='ltr'><strong>servarunt.</strong></span> <span class='ocrx_word' id='word_1_256' title='bbox 916 4383 1086 4451; x_wconf 80' lang='lat' dir='ltr'><strong>Nam·</strong></span> <span class='ocrx_word' id='word_1_257' title='bbox 1140 4399 1220 4449; x_wconf 81' lang='lat' dir='ltr'><strong>ex</strong></span> <span class='ocrx_word' id='word_1_258' title='bbox 1269 4381 1664 4449; x_wconf 84' lang='lat' dir='ltr'><strong>brevioribus</strong></span> <span class='ocrx_word' id='word_1_259' title='bbox 1719 4383 1903 4452; x_wconf 78' lang='lat' dir='ltr'><strong>unius</strong></span> <span class='ocrx_word' id='word_1_260' title='bbox 1973 4383 2251 4474; x_wconf 87' lang='lat' dir='ltr'><strong>syllabae</strong></span> <span class='ocrx_word' id='word_1_261' title='bbox 2302 4382 2534 4451; x_wconf 88' lang='lat' dir='ltr'><strong>radici·</strong></span> <span class='ocrx_word' id='word_1_262' title='bbox 2611 4415 2616 4422; x_wconf 92' lang='lat'><strong>·</strong></span> 
     </span>
    </p>
   </div>
   <div class='ocr_carea' id='block_1_7' title="bbox 1926 4497 1971 4560">
    <p class='ocr_par' dir='ltr' id='par_1_7' title="bbox 1926 4497 1971 4560">
     <span class='ocr_line' id='line_1_34' title="bbox 1926 4497 1971 4560; baseline 0 0"><span class='ocrx_word' id='word_1_263' title='bbox 1926 4497 1971 4560; x_wconf 89' lang='lat'><strong>6</strong></span> 
     </span>
    </p>
   </div>
  </div>
 </body>
</html>
