2984 4959
802 921 2028 1052 ARGUMENTUM

1036 1529 1041 1540 .
1065 1456 1776 1542 PROLEGOMEN'A.

1255 1622 1319 1713 g.
1365 1625 1399 1690 1
1420 1666 1448 1675 -
1467 1625 1573 1690 28.

282 1797 346 1888 5.
410 1801 444 1866 1
480 1840 507 1850 -
542 1799 640 1865 12.
725 1797 830 1863 De
858 1797 1118 1886 linguae
1151 1797 1448 1864 arabicae
1485 1795 1719 1875 indole,
1765 1793 1929 1873 fatis,
1973 1791 2558 1880 generibuswvariis.

284 1937 350 2028 5.
395 1940 644 2006 13-22.
727 1939 833 2004 De
877 1938 1232 2027 scripturae
1275 1940 1575 2004 arabicae
1623 1937 1784 2004 fatis.
1868 2015 1874 2021 ι

285 2077 350 2170 5.
392 2080 641 2149 23-28.
726 2080 832 2146 De
875 2076 1085 2145 studio
1142 2076 1315 2166 apud
1368 2079 1610 2148 Arabes
1655 2079 2094 2167 grammatico.

1141 2323 1363 2388 LIBER
1407 2323 1691 2392 Fuluus.

407 2474 531 2540 DE
574 2474 980 2543 LINGUAE
1025 2476 1291 2543 soNIS
1335 2472 1857 2548 EORUMQUE
1904 2473 2446 2542 SCRIPTUM.

1214 2605 1278 2696 g.
1322 2609 1408 2674 29
1424 2650 1450 2659 -
1470 2607 1613 2672 146.
2475 2619 2486 2625 ·

289 2780 353 2871 5.
400 2780 652 2849 29-33.
742 2781 946 2870 Signa
989 2781 1360 2871 scripturae.

284 2922 348 3013 5.
391 2924 641 2991 34-41.
720 2924 771 2990 Ι.
816 2923 922 2991 De
965 2925 1215 3015 syllaba.

284 3066 348 3157 5.
391 3068 644 3135 42-68.
705 3067 818 3134 'II.
863 3068 969 3133 De
1012 3067 1523 3135 consonantibus.

449 3180 514 3272 §.
556 3177 804 3248 42-59.
889 3181 994 3246 De
1037 3181 1518 3248 consonantium
1560 3183 2089 3271 pronunciatione
2130 3194 2198 3252 et
2237 3188 2480 3253 natura.

451 3294 517 3386 §.
560 3297 811 3363 60-68.
897 3295 1002 3360 De
1042 3295 1365 3362 literarum
1406 3296 1754 3385 scriptura,
1799 3297 2054 3379 ordine,
2099 3299 2472 3383 nominibus,

284 3433 348 3524 5.
392 3436 682 3503 69-123.
766 3436 883 3502 ΠΙ.
930 3436 1035 3502 De
1077 3436 1413 3504 vocalibus.

453 3548 516 3639 5.
560 3551 811 3618 64-74.
898 3550 1004 3616 De
1045 3548 1355 3615 vocalium
1397 3551 1640 3615 natura.
2193 3625 2202 3634 ,

448 3660 514 3753 5.
555 3665 803 3730 75-85.
887 3663 993 3729 De
1037 3662 1345 3729 vocalium
1390 3661 1875 3729 scribendarum
1914 3651 2177 3730 ratione.

280 3834 288 3843 .
387 3761 521 3889 <§.
561 3777 808 3843 86-88.
893 3776 1000 3843 De
1042 3778 1309 3843 Hamza.
1423 3771 1439 3777 ⁸

504 3940 518 3955 .
563 3891 812 3956 89-91.
899 3891 1004 3956 De
1049 3891 1274 3957 Sukun
1315 3899 1382 3964 et
1426 3882 1710 3955 G'ezma.

502 4054 517 4069 .
560 4005 846 4072 92-112.
924 4004 1030 4070 De
1075 4002 1380 4069 vocalium
1425 4001 1938 4069 concurrentium
1982 4013 2048 4070 et
2085 3993 2387 4068 sonorum
2415 4034 2457 4080 „9
2499 4010 2555 4073 95

1074 4109 1315 4175 natura.

453 3886 501 4093 <aava

456 4212 520 4303 5.
563 4218 897 4287 113-121.
981 4221 1088 4287 De
1127 4222 1305 4288 litera
1352 4232 1747 4290 consonante
1789 4233 1847 4310 ς.

454 4326 521 4418 5.
567 4331 705 4397 122.
976 4335 1081 4400 De
1103 4334 1424 4404 literarum
1454 4352 1471 4413 s
1492 4390 1531 4440 2
1562 4373 1618 4434 ‹.-.<
1650 4332 2160 4404 concurrentium
2188 4330 2551 4420 scriptione.

450 4440 513 4532 g.
558 4445 702 4512 123.
972 4448 1077 4514 ne
1119 4448 1372 4547 Medqa.
1851 4427 1910 4473 ·“
