2984 4959
608 319 725 390 De
777 322 1155 391 nominum
1203 318 1546 415 junctura
1594 332 1665 389 et
1717 320 2211 393 declinatione.
2399 341 2548 418 219

445 502 585 573 Sed
653 500 989 590 singularis
1046 525 1341 591 quoque,
1409 503 1514 583 cui
1584 525 1622 567 e
1674 502 1901 591 regula
1958 504 2306 591 perfectior
2357 508 2553 577 trium
2572 531 2680 581 aas

277 639 542 684 casuum
591 614 927 682 declinatio
971 618 1230 705 propria
1274 629 1409 697 est,
1465 616 1532 681 in
1577 616 1792 683 formis
1838 616 2319 706 nominibusque
2361 624 2553 690 certis

275 731 438 798 duos
477 741 723 798 tantum
770 751 957 796 casus
997 728 1364 816 distinguit,
1425 752 1594 798 nom.
1637 751 1757 817 per
1797 752 1878 808 ιι,
1923 752 2143 799 casum
2185 732 2307 799 obl.
2349 757 2467 822 per
2507 760 2556 799 a

275 843 340 932 5.
376 844 522 911 333.
626 844 814 918 Quae
876 842 1214 930 simplicior
1268 843 1332 907 in
1389 863 1489 928 sg.
1535 841 1871 908 declinatio
1914 843 1989 908 iis
2028 845 2288 931 propria
2328 849 2558 916 mansit

277 957 628 1025 nominibus
674 977 841 1044 quae
890 955 1347 1020 temtationem
1391 976 1520 1020 non
1565 955 1836 1037 habent3
1896 978 2023 1020 non
2065 957 2302 1025 habent
2342 973 2555 1027 autem

278 1072 423 1162 quia
480 1079 591 1137 aut
640 1070 818 1161 justo
881 1068 1133 1159 longior
1188 1067 1252 1133 in
1313 1068 1486 1137 vocis
1547 1068 1674 1133 fine
1705 1063 1860 1136 'visa
1922 1079 2019 1139 est
2063 1082 2176 1138 aut
2217 1072 2445 1144 inutilis
2489 1086 2556 1142 et

278 1213 622 1302 superflua.
720 1210 824 1275 Ea
873 1220 1134 1297 praeter
1172 1220 1353 1277 term.
1399 1208 1546 1274 fem.
1586 1182 1731 1280 95:-
1768 1211 2022 1277 omnino
2064 1235 2327 1280 casuum
2367 1214 2553 1302 igna-

277 1350 412 1394 ram
471 1323 538 1415 5.
584 1326 715 1390 285
775 1324 977 1389 varias
1034 1320 1293 1410 quidem
1349 1322 1791 1410 complectitur
1842 1325 2082 1393 formas
2126 1338 2192 1393 et
2234 1326 2556 1395 nominum

213 1496 220 1503 .
277 1461 561 1530 genera3
606 1436 723 1505 sed
760 1459 888 1502 non
931 1460 1119 1504 omne
1162 1437 1268 1502 hic
1302 1447 1539 1522 regnat
1579 1437 1940 1520 arbitrium3
1996 1439 2123 1505 imo
2166 1462 2402 1506 causae
2443 1465 2557 1531 ap·-

279 1567 508 1645 parent
566 1552 896 1618 universae
969 1551 1198 1639 quibus
1259 1548 1517 1614 nunatio
1579 1549 1764 1637 (nam
1826 1550 1911 1617 ad
1961 1551 2127 1619 hanc
2154 1578 2159 1583 ·
2187 1554 2310 1620 hio-
2349 1556 2558 1622 omnia

279 1665 588 1754 redeunt)
628 1667 693 1733 in
733 1664 807 1731 iis
851 1662 1201 1731 omittenda
1242 1662 1605 1737 videretur:
1661 1661 1730 1748 ¹)

451 1856 528 1943 1)
581 1854 840 1922 nunatio
905 1853 1212 1922 omittitur
1267 1851 1351 1919 ob
1412 1850 1696 1919 vocalem
1738 1875 1786 1917 a
1831 1850 2159 1943 fortiorem
2215 1853 2557 1941 praeviam,
2578 1873 2685 1923 339

282 1992 449 2060 quae
490 1981 710 2039 tonum
754 1965 1026 2049 detinet3
1094 1967 1294 2055 fitque
1326 1963 1402 2031 id
1424 1965 1525 2052 51)
1570 1965 1872 2035 continuo
1913 1967 1979 2032 in
2022 1964 2358 2032 collectivis
2390 1978 2558 2056 'qua-

745 2120 756 2129 ,
944 2097 974 2127 ι,
1038 2109 1107 2126 ee

283 2157 576 2226 driliteris
597 2208 616 2236 ‚
660 2156 908 2222 formae
949 2140 1105 2250 &fl-²3
1141 2153 1207 2217 in
1250 2154 1377 2241 qua
1430 2155 1469 2218 a
1517 2153 1670 2221 illud
1713 2151 2039 2220 secundae
2081 2150 2363 2239 syllabae
2404 2174 2557 2240 reg-

281 2302 426 2371 nat,
466 2300 540 2355 ut
581 2309 775 2377 supra
815 2282 880 2373 5.
914 2283 1158 2350 315-17
1207 2283 1273 2348 in
1314 2285 1579 2372 singulis
1626 2286 1914 2351 omnibus
1958 2305 2213 2372 semper
2254 2285 2557 2351 observa-

284 2416 406 2473 tur.
447 2440 533 2452 -·-
601 2401 672 2467 Si
717 2410 931 2465 tamen
979 2395 1311 2486 contingat
1356 2406 1428 2463 ut
1474 2398 1558 2463 ob
1592 2409 1647 2471 εξ
1684 2395 1965 2464 ultimam
2003 2394 2346 2464 radicalem
2391 2396 2559 2463 duae

285 2513 562 2606 syllabae
618 2524 946 2581 extremae
1000 2507 1251 2575 brevius
1294 2508 1358 2575 in
1403 2532 1594 2576 unam
1639 2506 2001 2577 coalescant
2045 2506 2145 2598 (5.
2188 2509 2350 2594 102)
2374 2561 2394 2591 ,
2452 2496 2562 2577 vo-

2303 2629 2336 2672 ε

287 2702 435 2770 calis
499 2702 589 2768 ita
626 2700 851 2788 {oriens
896 2700 927 2764 ί
962 2698 1368 2765 nunationem
1411 2710 1628 2786 potest
1667 2696 1999 2787 recipere,
2057 2710 2131 2765 ut
2172 2684 2314 2806 (gl-fil
2335 2741 2357 2775 ,
2389 2686 2564 2797 ,ῥῷ

288 2844 355 2902 et
396 2832 517 2900 alia
559 2852 756 2919 supra
805 2828 870 2921 5.
908 2829 1038 2896 318
1081 2841 1391 2898 enarrata.
1503 2830 1954 2919 Inveniturque
1996 2831 2363 2921 frequenter
2402 2831 2565 2897 haec

289 2946 584 3013 formatio
640 2945 704 3009 in
769 2943 1155 3032 appellativis
1220 2943 1611 3025 nominibus,
1684 2965 1851 3032 quae
1893 2944 2223 3011 articulum
2268 2943 2564 3032 frequen-

288 3060 416 3130 tius
468 3058 810 3151 patiuntur.
893 3057 1123 3124 Potest
1163 3054 1375 3123 tamen
1419 3069 1484 3123 et
1530 3080 1693 3123 novo
1735 3056 1930 3123 modo
1975 3059 1996 3123 i
2039 3058 2133 3125 sic
2174 3058 2443 3137 servari,
2495 3069 2566 3124 ut

289 3186 438 3241 ante
492 3170 998 3240 terminationem
1059 3193 1245 3237 casus
1310 3169 1725 3236 accedentem
1781 3169 1844 3234 in
1906 3168 2344 3236 semivocalem
2383 3170 2565 3237 simul

1326 3291 1355 3312 δ

292 3360 726 3431 condensetur
783 3353 901 3446 (5.
941 3355 1115 3444 96),
1179 3338 1282 3425 ut<
1314 3310 1540 3458 {54⁸5}-
1598 3358 1914 3446 virgines
1955 3358 2143 3423 Kam.
2200 3379 2391 3450 quam
2434 3354 2564 3424 for-

291 3545 461 3592 mam
503 3529 739 3617 poetae
782 3524 1111 3583 novarunt.
1195 3517 1278 3582 At
1320 3516 1374 3583 si
1414 3517 1478 3582 in
1527 3518 1654 3584 fine
1689 3526 1835 3590 §.5—
1872 3516 2330 3608 pronunciatur
2352 3568 2369 3596 ‚
2416 3518 2565 3606 quia

292 3635 572 3704 feminini
641 3631 822 3699 simul
879 3628 1335 3698 terminationis
1389 3629 1590 3695 instar
1645 3629 1919 3695 habetur
1941 3680 1961 3710 ,
2038 3631 2297 3695 nunatio
2354 3630 2565 3697 locum

217 3803 222 3808 .
290 3752 531 3818 habere
586 3745 821 3834 nequit.
872 3780 960 3792 —-
1048 3743 1129 3832 2)
1172 3742 1451 3810 similiter
1506 3751 1656 3831 post
1698 3745 1737 3808 a
1776 3744 2229 3811 terminationis
2274 3744 2420 3810 fem.
2463 3749 2569 3823 εΓ

291 3861 356 3954 5.
391 3864 555 3942 285,
640 3860 820 3950 cujus
865 3857 1152 3947 exempla
1193 3856 1460 3945 plurima
1505 3878 1702 3947 supra
1752 3857 1939 3923 obvia
1980 3858 2179 3924 fuere.
2221 3894 2309 3905 —-
2377 3855 2459 3942 3)
2501 3857 2566 3923 in

983 3990 1033 4023 φ-
1055 3976 1124 4022 03

1016 4039 1078 4056 ...ο

404 4271 466 4339 1)
505 4271 730 4323 Arabum
766 4272 1084 4335 grammatici
1136 4278 1378 4339 puantum
1430 4272 1483 4323 in
1534 4270 1614 4322 his
1666 4271 2038 4328 hallucinantur
2073 4273 2127 4321 et
2162 4267 2377 4322 inaniter
2413 4267 2567 4319 desu-

513 4358 664 4422 dent,
700 4374 749 4409 v.
786 4360 838 4409 in
878 4362 1035 4428 Sacyi
1074 4359 1207 4413 anth.
1247 4378 1295 4429 p.
1316 4365 1405 4413 96.
1441 4369 1496 4415 et
1527 4368 1630 4417 not.
1672 4381 1720 4429 p.
1748 4366 1965 4414 235-8.
