2984 4959
482 333 630 417 176
928 327 1045 398 De
1092 352 1373 423 genere·
1406 352 1713 401 numero
1766 341 1838 399 et
1887 332 2286 402 nominum.

345 539 453 588 296
637 511 698 577 3.
743 510 1100 577 Neutrum
1139 512 1194 578 si
1234 512 1299 576 in
1338 513 1814 600 pronominibus
1859 525 1971 580 aut
2012 512 2337 604 adjectivis
2385 514 2747 602 exprimen-

471 615 625 693 dum
684 635 813 704 est,
876 633 1135 713 praeter
1187 648 1343 692 msc.
1401 650 1613 714 genus
1658 628 2014 717 proximum
2071 630 2217 695 fem.
2268 651 2525 716 quoque
2568 653 2754 696 usur-

470 749 698 827 patur,
748 735 815 801 in
872 735 1098 825 adject.
1142 739 1413 805 maxime
1455 765 1809 831 eorumque
1851 741 2195 829 pluralibus
2214 792 2231 823 ‚
2296 751 2370 808 ut
2412 742 2559 809 sem.
2602 745 2754 811 huic

1833 860 1869 894 55
1899 877 1902 880 ·
1936 879 1960 893 ο
2537 862 2573 897 9
2618 884 2648 899 φ
2704 884 2731 897 .-

432 914 709 983 'notioni
768 914 1120 984 distinctius
1186 941 1329 986 esse
1384 917 1635 1001 videas,
1704 931 1776 988 ut
1832 905 1978 1011 &bo
2034 920 2317 1002 bonam,
2381 921 2463 1011 pl.
2502 901 2748 977 &affl-lae

743 1059 826 1095 5ο

469 1119 682 1197 bona,
746 1109 946 1223 ἓὸνῗῗ,
983 1147 1220 1222 unum.
1332 1125 1507 1191 Hinc
1552 1113 1739 1192 soem.
1781 1126 2138 1194 terminatio
2182 1150 2330 1194 cum
2368 1126 2749 1194 abstractis

469 1253 659 1319 etiam
726 1253 1185 1342 distinguendis
1246 1258 1623 1343 praesertim
1695 1258 1993 1325 inserviat
2012 1309 2030 1339 ‚
2116 1269 2253 1325 tum
2308 1260 2385 1326 iis
2445 1260 2749 1328 abstracti
2781 1301 2805 1320 ‹-

469 1367 688 1434 sormis
733 1366 994 1459 adjungi
1035 1378 1281 1457 potest,
1349 1392 1515 1457 quae
1574 1373 1969 1440 abstractum
2032 1371 2341 1438 vocalium
2395 1375 2748 1441 mutatione

465 1482 846 1569 insigniunt,
904 1492 1043 1549 tum
1097 1483 1458 1590 necessaria
1517 1494 1643 1566 est,
1680 1481 1688 1488 ”
1720 1485 1830 1551 ubi
1876 1487 2265 1552 abstractum
2311 1510 2387 1552 ex
2432 1486 2745 1578 adjectivo

466 1596 661 1662 aliave
698 1618 858 1662 voce
899 1595 1035 1662 sine
1077 1594 1386 1662 vocalium
1429 1599 1778 1666 mutatione
1815 1599 2158 1680 formatur,
2200 1600 2309 1664 ubi
2347 1609 2560 1667 tamen
2594 1602 2745 1668 sem.

1731 1709 1761 1733 w

464 1755 660 1821 abstr.
705 1754 1210 1823 terminationem
1256 1752 1664 1823 derivativam
1728 1769 1784 1856 εξ
1863 1759 2240 1848 plerumque
2282 1759 2400 1825 sibi
2451 1757 2744 1849 adjungit

463 1886 527 1977 ς.
569 1886 717 1953 265.

331 2070 443 2120 297
633 2050 768 2119 Sed
836 2049 1017 2119 fluxit
1079 2053 1227 2119 hinc
1286 2054 1441 2121 alius
1487 2056 1633 2121 sem.
1678 2079 1830 2122 usus
1887 2055 2012 2123 late
2055 2054 2402 2121 admodum
2443 2076 2740 2143 regnans·

463 2166 636 2233 Nam
692 2165 996 2233 abstracti
1054 2179 1153 2234 est
1203 2168 1367 2236 inter
1423 2168 1578 2250 alia,
1653 2170 1976 2236 notionem
2019 2193 2098 2235 ex
2141 2169 2404 2256 singulis
2451 2169 2741 2234 omnibus

465 2305 657 2348 unam
712 2303 1022 2347 summam
1089 2281 1368 2347 formare
1413 2282 1511 2347 vel
1553 2284 1803 2371 singula
1846 2283 2055 2349 omnia
2094 2282 2158 2348 in
2200 2282 2595 2350 collectivum
2639 2304 2739 2347 re-

466 2394 711 2483 digere.
819 2396 1028 2483 Atque
1083 2394 1230 2460 hinc
1288 2395 1476 2461 soem.
1537 2398 1886 2463 collective
1929 2398 2204 2463 inservit.
2318 2395 2378 2459 E
2424 2396 2547 2483 qua
2593 2394 2738 2459 fem.

465 2510 724 2577 notione
779 2531 1018 2595 magna
1075 2509 1177 2574 illa
1238 2507 1544 2576 collectivi
1588 2510 1933 2577 formarum
1977 2511 2163 2598 copia
2206 2507 2510 2589 manavit,
2575 2525 2741 2596 quae

450 2647 506 2712 e
548 2645 738 2690 sensu
787 2646 1005 2690 omnes
1047 2620 1131 2687 ad
1174 2621 1319 2687 fem.
1364 2643 1572 2710 genus
1616 2622 1998 2689 referendae
2054 2631 2201 2689 sunt
2243 2617 2344 2710 (§.
2382 2621 2510 2687 302
2546 2618 2739 2708 sqq.).

1111 2741 1177 2776 55

465 2772 571 2839 De
614 2772 1053 2841 terminatione
1099 2795 1256 2873 3,,-
1291 2775 1615 2842 collectiva
1664 2776 1976 2843 formante
2022 2799 2077 2841 v.
2120 2774 2284 2840 infra
2325 2770 2392 2862 §⁰
2423 2771 2569 2838 323.
2617 2787 2630 2800 ·

337 2996 446 3045 298
631 2970 707 3035 In
747 2970 999 3055 integra
1041 2970 1482 3036 enunciatione
1514 2968 1991 3058 praedicatum,
2035 2970 2164 3037 sive
2193 2965 2574 3054 adjectivum
2609 2965 2738 3031 sive

465 3085 762 3165 verbum,
831 3082 914 3149 ad
973 3105 1203 3150 nomen
1261 3108 1340 3150 ex
1391 3085 1488 3151 his
1544 3084 1834 3151 omnibus
1882 3105 1998 3150 seu
2041 3103 2235 3148 sensu
2280 3067 2397 3146 seu
2439 3062 2737 3145 termina-

463 3199 637 3266 tione
694 3197 884 3263 etiam
941 3197 1307 3263 femininum
1349 3197 1653 3278 relatum,
1713 3220 1966 3286 semper
2011 3198 2156 3262 fem.
2199 3196 2468 3260 formam
2510 3217 2738 3282 sequa-

464 3320 570 3378 tur
617 3332 882 3375 necesse
939 3321 1069 3391 est;
1145 3309 1318 3375 idem
1360 3334 1396 3376 e
1436 3310 1587 3398 lege
1626 3322 1762 3392 est,
1818 3357 1824 3364 2
1837 3312 1889 3377 si
1932 3309 2309 3401 adjectivum
2352 3307 2740 3374 substantivo

464 3423 871 3514 subjungitur
935 3434 1045 3489 aut
1099 3446 1217 3511 per
1256 3447 1328 3490 se
1369 3425 1627 3512 ponitur
1670 3424 1805 3491 sine
1843 3422 2234 3493 substantivo
2277 3422 2464 3487 facile
2517 3420 2756 3489 intelli-.

464 3537 704 3627 gendo.
805 3538 970 3604 Sunt
1008 3547 1221 3605 tamen
1265 3537 1370 3602 hic
1418 3538 1764 3627 singularia
1807 3537 2121 3627 quaedam
2167 3536 2450 3606 notanda
2491 3559 2657 3625 quae
2700 3560 2741 3601 a

462 3651 614 3739 lege
671 3652 974 3717 aberrare
1042 3650 1369 3726 videntur:
1446 3652 1523 3737 1)
1572 3651 1884 3742 adjectiva
1926 3673 2092 3739 quae
2136 3674 2174 3716 e
2217 3672 2407 3718 sensu
2448 3672 2564 3714 suo
2608 3672 2740 3716 non

462 3775 730 3854 possunt
784 3765 899 3831 nisi
969 3763 1053 3830 ad
1120 3764 1383 3829 seminas
1451 3777 1782 3851 spectare,
1869 3763 2004 3829 sine
2059 3774 2241 3831 term.
2296 3773 2591 3844 manent,¹
2667 3776 2740 3831 ut

461 3882 643 4046 §⁶2ss
677 3946 1020 4033 gravida,
1064 3881 1312 4043 ἑλέ,
1373 3881 1553 4046 ³35}ss
1601 3943 1692 4030 (v.
1727 3942 1938 4009 Schcl.
1982 3942 2065 4008 ad
2108 3941 2500 4009 Motanabbii
2544 3966 2737 4009 carm.

1370 4059 1401 4096 ,
2161 4061 2169 4070 .

464 4148 566 4216 ed.
609 4151 816 4215 Horst
875 4170 929 4210 v.
970 4145 1122 4234 17),
1181 4084 1347 4246 232⁰ss
1384 4146 1777 4252 mztltipara
1843 4148 2034 4215 Ham.
2093 4172 2156 4237 p.
2192 4152 2279 4216 79
2328 4087 2494 4227 35³1}
2536 4159 2738 4244 mater

2353 4285 2479 4330 ⁵³.
2533 4293 2591 4328 5-

989 4285 1024 4323 9
1113 4308 1137 4323 .
1180 4290 1215 4325 55
1261 4297 1314 4327 ,a
2654 4297 2686 4328 ο

459 4353 701 4441 pueris
730 4347 895 4413 orba
914 4374 937 4426 3
984 4339 1315 4449 Δλξῦ33ἑ
1351 4377 1532 4417 smus
1565 4354 1830 4418 sterilis
1864 4357 2008 4421 Sur.
2031 4356 2148 4434 51,
2178 4358 2298 4436 293
2343 4371 2498 4454 sy?
2529 4338 2742 4456 ὒὲἓξρ,
