2984 4959
429 289 588 368 264
765 258 774 270 Ι
1008 308 1042 345 .’
1068 279 1384 351 Radices
1436 279 1735 353 ultimae
1778 329 1818 378 9
1839 228 1845 238 Ι
1868 288 2043 399 ‘³¹²9

985 484 1077 544 50:

430 548 651 634 θίξιν·
697 543 834 612 coll.
889 564 927 607 e
963 530 1080 625 293
1124 555 1422 624 taurum
1500 531 1652 624 Myle
1707 562 1772 614 et
1834 534 1985 633 Magio
2030 546 2170 614 0011
2214 566 2295 613 ex
2328 485 2518 630 3:91}
2553 542 2728 610 long

774 687 810 724 9
2080 691 2158 726 5..
2194 712 2220 725 a

426 778 606 846 ὅπως
666 752 734 818 in
780 740 912 851 ςῗρ
956 751 1295 841 oppositio
1321 785 1367 830 ,ρ
1409 751 1639 818 mansit
1683 774 1764 817 ex
1804 752 1921 818 III.
1956 763 2033 821 st.
2087 742 2250 852 μὶῖ,
2306 752 2623 826 diversum
2674 774 2726 817 a

431 911 567 1062 ''bg’'
618 959 853 1025 statio,
945 965 1000 1029 εξ
1044 967 1257 1025 autem
1300 956 1580 1024 radicale
1615 958 1896 1027 vocalem
1932 980 1968 1028 ιι
2005 960 2502 1050 praecedentem
2544 962 2729 1026 bene

1007 1106 1012 1111 .
2264 1087 2300 1124 9
2364 1090 2437 1122 ,2

437 1150 592 1233 fert;
648 1156 723 1218 ut
761 1160 979 1218 tamen
1022 1169 1469 1234 nonnunquam
1515 1145 1581 1212 in
1615 1164 1641 1215 ι
1668 1157 1992 1229 transeat,
2037 1148 2207 1245 velut
2249 1139 2434 1250 ξ,ξιῖῖι
2491 1171 2723 1212 senes.

1229 1358 1233 1364 ·
1285 1353 1316 1371 Ἣ

771 1445 832 1511 3.
888 1418 1198 1509 Radices
1239 1412 1535 1508 ultimae
1559 1476 1603 1522 ,ρ
1648 1453 1714 1506 et
1761 1454 1887 1522 εξ,

301 1612 407 1660 393
610 1588 667 1653 1.
726 1585 1010 1654 Radices
1069 1585 1326 1653 ultimae
1372 1613 1411 1661 ,
1467 1593 1534 1650 et
1598 1593 1655 1657 εξ
1713 1584 2001 1673 primitus
2047 1572 2309 1663 vocales
2356 1610 2404 1649 u
2448 1596 2513 1653 et
2558 1587 2586 1650 i
2645 1588 2719 1655 in

437 1703 566 1771 fine
621 1701 919 1767 habuisse
961 1722 1113 1765 vero
1158 1709 1256 1766 est
1296 1698 1711 1783 simillimum„
1789 1697 1926 1765 Sed
1970 1696 2361 1767 formationis
2404 1700 2730 1769 triliterae»

442 1814 796 1882 constantia
856 1814 1197 1900 ingruente
1250 1810 1560 1877 vocalium
1629 1810 1733 1883 hic
1791 1812 2018 1879 eadem
2075 1815 2277 1882 oritur
2333 1815 2603 1883 varietas
2653 1828 2726 1884 et

440 1929 575 2008 lex,
641 1946 720 1997 ac
778 1927 848 1994 si
891 1926 1080 1994 tertia
1134 1921 1426 1991 radicalis
1474 1926 1880 1993 consonantis
1908 1927 2137 1995 ‘instar
2188 1929 2438 1995 vocales
2483 1930 2727 2013 ferret3

442 2042 547 2108 hic
604 2051 780 2107 certe
836 2041 1095 2127 linguae
1147 2039 1317 2104 nisus
1384 2038 1449 2103 in
1517 2040 1832 2105 arabismo
1882 2041 2019 2129 jam
2074 2043 2270 2109 multo
2331 2054 2431 2110 est
2493 2042 2724 2110 fortior

441 2179 631 2244 quam
683 2155 747 2220 in
794 2153 1171 2220 hebraismo.
1273 2151 1408 2219 Sed
1454 2175 1817 2242 quanquam
1859 2155 1923 2240 in
1964 2155 2275 2222 vocalium
2330 2157 2729 2244 pronuncia-

434 2270 607 2336 tione
661 2267 912 2333 radices
975 2267 1100 2332 hae
1139 2265 1229 2355 ‘ad
1273 2277 1630 2365 ceterarum
1673 2280 2082 2337 accesserunt
2121 2292 2408 2338 normam
2432 2321 2450 2351 ‚
2517 2292 2723 2357 aegre

433 2395 649 2451 tamen
686 2378 830 2446 'nec
889 2380 1004 2446 nisi
1042 2382 1579 2470 pronunciationis
1635 2384 1694 2461 vi
1723 2383 1992 2472 jubente
2038 2406 2231 2450 sonus
2275 2383 2503 2451 tertiae
2545 2383 2721 2450 radi-

436 2496 587 2563 calis
637 2496 704 2561 in
763 2507 1219 2561 consonantem
1274 2496 1716 2565 semivocalem
1773 2519 1838 2560 w
1883 2508 1952 2565 et
1975 2498 2029 2586 j,
2068 2496 2529 2565 condensatur:
2593 2498 2726 2565 hoc

437 2610 652 2700 potius
697 2633 775 2676 ex
820 2601 1085 2696 origine
1121 2590 1349 2675 mansit
1390 2609 1746 2696 integrum,
1806 2622 1912 2690 ut,
1978 2611 2345 2703 ubicunque
2384 2612 2525 2677 fieri
2565 2634 2723 2696 pos-

439 2726 554 2804 sit,
597 2746 791 2793 sonus
826 2721 1058 2805 vocalis
1096 2721 1330 2811 longus
1373 2722 1597 2805 tertiae
1639 2722 1930 2790 radicalis
1973 2725 2185 2792 locum
2215 2721 2447 2793 teneat.
2533 2727 2725 2801 Quae

441 2839 608 2904 enim
651 2837 881 2903 vocalis
928 2835 1148 2904 debilis
1192 2859 1275 2902 ex
1317 2835 1711 2917 formationis
1762 2838 2058 2904 arabicae
2099 2837 2310 2903 indole
2351 2839 2416 2905 in
2454 2840 2582 2905 fine
2623 2852 2729 2908 est

442 2951 730 3038 stirpium
747 3001 776 3031 ,ξ
851 2974 929 3016 ea
997 2950 1051 3016 si
1108 2949 1309 3015 vocali
1365 2949 1749 3036 penultimae
1821 2951 1999 3017 brevi
2059 2950 2233 3018 haud
2293 2952 2545 3019 inimica
2601 2964 2765 3035 est,.

439 3075 585 3153 post
649 3085 875 3129 sonum
931 3065 1160 3131 tertiae
1214 3061 1507 3133 radicalis
1575 3048 1834 3152 prorsus
1892 3064 2089 3153 perit,
2147 3065 2238 3132 ita
2295 3054 2377 3133 ut'
2421 3089 2549 3132 non
2607 3067 2731 3134 nisi

442 3176 673 3243 vocalis
712 3194 748 3242 ἄ
784 3184 1072 3266 ροὲῐῒ·ει
1106 3195 1143 3242 ἅ
1187 3175 1467 3266 syllabae
1505 3177 1889 3265 penultimae
1910 3199 2171 3244 manere
2200 3189 2497 3266 cogatur.
2585 3181 2728 3246 De-

438 3290 590 3357 inde
640 3313 720 3356 ex
762 3289 966 3355 vocali
1010 3299 1156 3355 ante
1197 3287 1543 3356 radicalem
1585 3292 1847 3358 tertiam·
1882 3291 2057 3357 brevi
2099 3288 2164 3358 et
2204 3291 2328 3357 hac
2370 3292 2506 3379 ipsa
2553 3291 2731 3358 radi-

443 3406 561 3471 cali
605 3402 1106 3471 coalescentibus
1140 3403 1372 3470 vocalis
1415 3405 1615 3472 oritur
1654 3404 1884 3492 longa;
1924 3404 2288 3471 coalescunt
2315 3415 2527 3472 autem
2549 3406 2730 3473 haud

439 3524 566 3586 una
597 3520 864 3587 ratione.
949 3517 1120 3583 Nam
1182 3519 1321 3584 soni
1376 3519 1457 3584 i·—
1481 3542 1528 3584 u
1587 3502 2037 3591 concurrentes
2097 3518 2163 3582 in
2225 3540 2422 3584 unum
2460 3519 2732 3606 longum

444 3636 473 3697 z·
512 3632 609 3699 vel
652 3616 700 3698 ιι
743 3631 1141 3725 coalescunt,
1206 3634 1294 3700 ita
1337 3643 1408 3701 ut
1457 3633 1830 3723 plerumque
1874 3654 2066 3700 sonus
2111 3630 2315 3720 prior,
2380 3643 2456 3700 ut
2495 3632 2731 3699 virtute

444 3758 511 3814 et
565 3745 880 3833 positione
950 3732 1065 3813 sua
1139 3746 1382 3835 potior,
1451 3749 1823 3836 sequentem
1885 3743 2204 3810 inimicum
2247 3745 2366 3811 sibi
2408 3744 2730 3812 assimilet.

443 3844 524 3928 At
594 3874 626 3922 a
697 3847 1091 3948 praecedens
1174 3885 1321 3928 cum
1404 3870 1712 3950 sequente
1792 3881 1950 3924 sono
2006 3856 2294 3926 radicali
2355 3891 2396 3938 ,ρ
2441 3868 2508 3925 et
2551 3869 2608 3931 ff
2651 3881 2734 3925 ex

445 3973 697 4069 origine
792 3975 1050 4064 quidem
1134 3975 1200 4040 in
1275 3999 1406 4044 aa,
1512 3973 1588 4037 ai
1660 3971 1996 4077 coalescit,
2101 3972 2218 4039 sed
2267 3971 2352 4038 id
2417 3994 2544 4037 non
2614 3971 2732 4037 nisi

450 4102 598 4156 ante
660 4101 1150 4170 consonantem,
1223 4087 1599 4176 praesertim
1666 4071 1729 4151 in
1785 4086 2074 4173 personis
2117 4086 2325 4166 verbi,
2398 4076 2564 4173 quae
2609 4084 2731 4174 syl-

448 4205 659 4273 labam
710 4215 1163 4305 consonantem
1221 4201 1475 4266 affixam
1532 4198 1805 4300 habent,
1882 4211 2200 4268 servatum
2258 4209 2356 4266 est
2408 4199 2733 4285 integrum

450 4320 571 4405 (cf.
617 4316 680 4407 ς.
719 4317 923 4405 402);
981 4319 1054 4384 in
1097 4318 1243 4398 ,fine
1309 4324 1539 4381 vocum
1606 4314 1742 4380 soni
1803 4313 2185 4402 diphthongi
2239 4314 2327 4380 in
2372 4314 2729 4380 obtusiores
