2984 4959
2207 193 2234 316 f

1136 357 1372 466 ‘Verbi
1421 364 1697 458 stirpes,
2404 379 2550 456 107

287 545 408 613 alia
450 545 551 638 (ς.
577 549 718 617 180.
739 546 902 632 181)
945 515 1316 636 simpliciter¹
1350 568 1498 613 cum
1538 567 1762 613 accus.
1787 555 2252 617 construuntur.
2338 533 2551 622 Quam

285 661 614 727 notionem
648 655 769 750 'qui
804 663 1074 749 primam
1115 660 1213 726 vel
1269 659 1466 730 solam
1514 670 1866 749 posuerunt
1913 658 2340 747 grammatici,
2395 679 2549 747 gra-

283 773 448 866 viter
496 772 634 843 falsi
656 786 841 853 ¹sunt.
1550 766 1554 769 ’
2383 769 2394 780 ’

453 992 794 1082 Expositas
840 992 955 1062 has
999 992 1173 1059 verbi
1206 994 1434 1081 stirpes
1469 1016 1688 1075 omnes
1716 993 1858 1083 plus
1886 993 2170 1060 minusve
2204 1015 2244 1057 a
2286 1014 2358 1057 se
2391 989 2546 1056 invi·
2569 1002 2677 1053 184

286 1127 430 1172 cem
479 1105 716 1174 distare
758 1117 967 1196 patet,
1040 1119 1113 1172 ut
1168 1107 1449 1195 quamvis
1497 1129 1624 1173 una
1666 1129 2112 1195 nonnunquam
2139 1104 2243 1171 'ad
2290 1104 2551 1171 alteram

284 1220 575 1307 proxime
630 1220 901 1287 accedat
949 1217 1307 1308 eodemque
1350 1242 1541 1287 sensu
1601 1231 1979 1308 usurpetur,
2045 1220 2295 1307 origine
2336 1230 2550 1286 tamen
2669 1215 2673 1221 ’

287 1345 355 1398 et
382 1332 533 1421 lege
575 1356 791 1399 omnes
830 1335 1035 1421 probe
1086 1333 1589 1422 distinguantur,
1639 1345 1705 1401 et
1740 1330 2049 1422 quasdam
2095 1335 2259 1401 inter
2295 1333 2550 1399 omnino

284 1445 455 1511 nulla
491 1469 635 1512 esse
671 1447 873 1534 possit
910 1446 1331 1515 necessitudo.
1416 1433 1857 1535 Monstratque
1894 1446 2251 1513 discrimina
2286 1468 2552 1513 examen

285 1560 622 1625 verborum
656 1558 1044 1647 singulorum
1078 1559 1454 1647 diligentius
1560 1559 1697 1626 Sed
1746 1582 1965 1626 omnes
2007 1560 2147 1647 pari
2184 1559 2333 1647 jure
2380 1569 2550 1640 sunt,¹

285 1684 360 1750 ut
399 1696 566 1763 quae
605 1674 833 1762 stirpes
872 1675 997 1738 una
1038 1674 1104 1739 in
1143 1672 1364 1742 radice
1396 1673 1667 1740 usitatae
1709 1673 1867 1753 sint,
1913 1694 2078 1760 quae
2121 1671 2374 1740 omnino
2417 1669 2549 1735 for-

283 1797 533 1868 matae,
612 1809 652 1852 e
707 1785 839 1854 sola
902 1785 1294 1876 singularum
1350 1808 1581 1853 vocum
1635 1787 1893 1852 notione
1948 1782 2243 1873 pendeat.
2357 1782 2562 1851 Unde.

285 1922 505 1966 omnes
555 1922 671 1965 suo
701 1899 853 1990 jure
891 1897 1254 1967 derivantur
1292 1921 1579 1989 quoque,
1624 1902 1748 1988 qua
1785 1899 1849 1965 in
1888 1921 1963 1965 re
1997 1899 2268 1965 maxima
2305 1908 2403 1965 est
2432 1895 2548 1963 lin-

283 2035 460 2100 guae
496 2012 862 2079 volubilitas.
948 2012 1047 2080 Ita
1097 2014 1325 2102 stirpes
1376 2014 1591 2102 plures
1637 2014 1976 2080 reflexivae
2014 2013 2250 2079 arctius
2289 2009 2549 2101 quidem

282 2125 583 2213 stirpibus
627 2126 756 2193 suis
795 2125 1119 2213 primitivis
1160 2148 1363 2191 nexae
1406 2137 1584 2207 sunt,
1644 2138 1710 2192 at
1747 2136 2016 2214 possunt
2058 2135 2123 2192 et
2162 2146 2281 2213 per
2321 2147 2393 2190 se
2434 2119 2549 2190 de-

281 2239 501 2337 rivari3
558 2250 625 2306 et
658 2239 848 2327 stirps
887 2240 1026 2327 ipsa
1068 2238 1364 2328 simplex,
1411 2241 1464 2307 si
1507 2241 1610 2307 cui
1645 2242 1839 2307 verbo
1886 2239 2062 2306 notio
2111 2248 2356 2305 tantum
2398 2236 2548 2302 sim-

905 2383 913 2389 ’
1885 2383 1910 2397 e
1927 2384 1951 2396 a
1970 2368 2074 2399 ,oo-0
2208 2381 2235 2396 e
2251 2366 2283 2399 Ξ
2300 2381 2325 2396 a
2342 2381 2367 2395 ο

279 2425 427 2515 plex
477 2436 722 2507 manet,
790 2448 867 2492 ex
916 2424 1207 2493 derivatis
1246 2427 1396 2493 oriri
1438 2438 1686 2517 potest,
1744 2437 1815 2494 ut
1853 2414 2044 2501 ‘effi-'bl
2084 2436 2150 2493 et
2187 2415 2364 2510 ω’)-ῗ
2399 2421 2550 2511 quia

279 2552 526 2608 tantum
587 2539 945 2606 observare
1009 2550 1233 2608 notant
1254 2590 1274 2623 ‚
1339 2542 1589 2630 origine
1630 2538 1849 2631 §.180
1904 2537 2233 2606 obliterata
2272 2537 2338 2602 in
2377 2546 2455 2602 st.
2493 2534 2547 2603 I.
2600 2610 2610 2623 ἱ

280 2725 549 2795 transire
588 2734 855 2814 possunt
891 2717 1026 2806 iri,
1051 2761 1073 2784 ο
1169 2726 1580 2817 Possuntque
1625 2752 1844 2797 omnes
1860 2780 1878 2812 ‚
1935 2750 2018 2795 ne
2056 2728 2092 2797 I
2135 2726 2391 2816 quidem
2438 2748 2546 2791 ex-

283 2842 501 2929 cepta,
561 2862 601 2905 a
650 2838 1005 2905 nominibus
1063 2836 1365 2922 derivari,
1440 2863 1803 2931 quanquam
1858 2841 2143 2912 verbales
2186 2841 2419 2929 stirpes
2466 2859 2545 2906 ex

279 2935 460 3019 more
499 2950 914 3019 nominalibus
964 2964 1176 3021 ortum
1232 2953 1401 3022 dant.

449 3172 634 3249 Quae
676 3171 913 3262 syllaba
967 3184 1046 3239 ta
1087 3186 1162 3242 st.
1200 3175 1276 3241 V.
1320 3172 1430 3243 VI.
1486 3174 1850 3264 praeposita
1896 3183 2026 3255 est,
2096 3195 2238 3239 eam
2282 3195 2361 3239 ex
2416 3171 2667 3239 ori-185

275 3286 431 3373 gine
485 3286 637 3353 satis
682 3298 947 3375 apparet
989 3285 1162 3353 haud
1196 3287 1456 3355 differre
1497 3290 1578 3353 ab
1632 3290 1715 3370 ἐ,
1771 3290 1832 3353 it
1887 3297 1964 3354 st.
2003 3286 2177 3354 VIII.
2239 3285 2374 3374 (cll.
2419 3285 2542 3372 X).

279 3398 479 3465 Notio
526 3422 654 3465 non
694 3397 934 3487 pendet
985 3399 1102 3466 nisi
1153 3423 1193 3467 a
1246 3424 1403 3468 sono
1460 3411 1527 3481 t,
1609 3399 1717 3490 qui
1763 3397 2023 3488 quidem
2069 3400 2154 3465 ab
2209 3399 2383 3467 initio
2437 3420 2543 3465 ra-

279 3511 437 3580 dicis
505 3511 706 3583 vocali
770 3512 946 3578 brevi
1014 3524 1132 3580 aut
1197 3515 1548 3604 postposita
1624 3523 1735 3580 aut
1817 3513 2181 3601 praeposita
2261 3533 2541 3602 pronun-

278 3627 433 3694 ciari
487 3637 743 3715 poterat
794 3623 906 3716 (ξ.
951 3628 1092 3694 155.
1144 3627 1345 3714 161);
1412 3626 1782 3716 praeposita
1834 3626 2069 3693 vocalis
2124 3627 2250 3714 qua
2302 3624 2541 3715 syllaba

280 3739 632 3829 composita
685 3740 1001 3822 nascitur,
1073 3742 1288 3830 potior
1343 3741 1478 3808 visa
1536 3750 1633 3807 est
1690 3751 1838 3807 ante
1892 3737 2161 3829 syllabas
2202 3748 2333 3804 tres
2389 3737 2537 3804 sim-

275 3852 471 3944 plices
492 3905 512 3936 ‚
587 3854 654 3919 in
719 3866 796 3922 st.
827 3853 1022 3937 VIII,
1095 3866 1167 3923 ut
1232 3876 1312 3920 ex
1367 3852 1546 3921 simili
1590 3854 1783 3920 causa
1820 3852 1895 3915 in
1937 3852 2122 3919 inst.
2151 3850 2313 3933 VH3
2361 3834 2538 3939 p'ost-

274 3968 485 4056 posita
569 3978 718 4035 ante
794 3966 1111 4058 syllabam
1164 3968 1582 4057 compositam
1658 3966 1755 4033 vel
1817 3963 2077 4053 longam
2158 3975 2234 4032 st.
2290 3964 2369 4032 V.
2411 3964 2537 4033 .V1.

276 4081 561 4149 Possunt
600 4092 815 4148 tamen
860 4091 926 4147 et
965 4081 1089 4147 hae
1122 4083 1350 4170 stirpes
1397 4081 1679 4148 vocalem
1721 4100 2120 4170 praeponere
2136 4128 2155 4159 ‚
2194 4077 2248 4145 si
2289 4099 2419 4143 una
2458 4099 2537 4144 ex

276 4191 479 4261 literis
530 4206 784 4274 1202ss
807 4211 930 4279 33
968 4205 1036 4263 et
1072 4193 1287 4277 sibila,
1345 4181 1526 4286 cujus
1567 4196 1635 4262 in
1676 4179 1900 4261 sonum
1944 4204 1975 4257 t
2020 4193 2146 4259 hoc
2188 4189 2538 4259 resolvatur

279 4376 381 4468 (ξ.
424 4359 565 4447 125.
610 4378 805 4465 132),
849 4406 888 4449 a
931 4383 1160 4450 radicis
1201 4381 1374 4452 initio
1419 4393 1518 4452 est
1539 4432 1557 4464 ‚
1596 4381 1765 4451 velut
1799 4382 1908 4449 VI.
1944 4325 2294 4451 ἑξεῖ-οδω.
2320 4381 2382 4460 9,
2428 4378 2530 4445 39.

2761 461 2796 508 9
