2984 4959
492 350 593 430 92
950 407 955 410 ,
1168 334 1613 410 Pronomina
1656 335 2077 432 personalia.

490 516 560 588 id
617 514 798 651 quod
849 516 916 585 in
972 512 1200 602 vulgus
1240 537 1504 606 quoque
1554 515 1808 584 licuisse
1845 525 2059 608 patet,
2119 513 2573 606 paullatimque
2624 514 2759 585 hoc

490 676 646 744 vcl’
627 699 693 742 ιιι
730 664 821 754 υ*
846 674 1093 743 translit
1132 698 1186 746 v.
1229 677 1476 743 Kamus
1517 677 1579 742 2.
1614 698 1677 764 p.
1710 663 1896 743 1720.

358 802 463 855 166
655 789 843 864 Quae
907 795 975 855 et
1040 798 1197 877 quot
1251 789 1510 877 generis
1551 789 1923 877 numerique
1964 786 2320 855 discrimina
2356 786 2576 875 lingua
2616 808 2755 855 ser-

484 911 589 969 vet
628 923 708 968 ex
747 900 843 967 his
889 900 1041 968 satis
1084 902 1308 992 elucet.
1405 902 1680 990 Antiqua
1725 903 1863 994 jam
1918 902 2200 970 semitica
2262 901 2481 988 lingua
2519 901 2584 967 in
2628 923 2750 989 ge-

479 1036 637 1080 nere
697 1011 1020 1080 secundae
1076 1015 1266 1081 etiam
1318 1036 1636 1103 personae
1683 1014 2132 1103 distinguendo
2180 1011 2449 1101 diligens
2493 1023 2622 1096 est3
2681 1014 2749 1078 in

477 1126 682 1216 prima
722 1136 934 1192 autem
975 1148 1295 1215 nunquam
1337 1125 1647 1215 ejusmodi
1690 1124 2005 1194 distinctio
2047 1126 2304 1194 invaluit
2342 1149 2554 1214 neque
2584 1149 2623 1191 e
2651 1126 2747 1192 rei

478 1241 706 1307 natura
754 1249 1174 1327 exspectatur.
1283 1238 1418 1306 Sed
1473 1248 1811 1327 praeterea
1854 1239 2168 1305 Arabibus
2223 1238 2425 1305 dualis
2468 1261 2744 1328 quoque,

477 1352 588 1443 qui
643 1352 709 1417 in
765 1352 1018 1439 antiqua
1077 1352 1296 1440 lingua
1353 1353 1607 1442 parcius
1648 1354 1953 1435 usitatur,
2019 1364 2152 1422 tam
2194 1352 2492 1440 frequens
2534 1352 2743 1419 factus

358 1513 367 1522 »
477 1475 577 1533 est
618 1462 911 1552 adeoque
941 1468 1060 1551 per
1092 1475 1292 1533 totam
1321 1465 1581 1553 linguae
1623 1466 1927 1534 ditionem
1959 1466 2215 1533 invaluit
2258 1466 2606 1532 sanseritae
2641 1465 2739 1531 in-

473 1588 609 1647 star
652 1588 720 1646 et
759 1600 1041 1666 graecae
1079 1573 1371 1666 linguae,
1427 1588 1502 1644 ut
1543 1577 1628 1645 ad
1675 1581 1938 1645 verbum
1979 1600 2234 1668 quoque
2277 1587 2342 1645 et
2384 1600 2738 1667 pronomen

464 1691 814 1760 translatus
843 1691 942 1773 sit,
973 1714 1095 1757 nec
1121 1701 1334 1758 tamen
1358 1691 1477 1757 nisi
1505 1692 1572 1757 in
1594 1692 1783 1759 tertia
1807 1700 1874 1756 et
1894 1689 2176 1758 secunda
2202 1692 2498 1778 persona,
2522 1691 2735 1758 simul-

456 1813 596 1895 'que
637 1807 773 1876 sine
814 1805 1070 1893 generis
1114 1804 1506 1872 discrimine,
1571 1803 2029 1870 Pronominum
2059 1814 2272 1872 autem
2306 1804 2534 1872 horum
2568 1827 2735 1893 quae

469 1917 721 1986 exculta
762 1928 910 1985 sunt
948 1916 1191 1982 numeri
1232 1915 1618 2005 generisque
1659 1913 2017 1982 discrimina
2036 1966 2057 1998 ,
2100 1917 2327 1984 eadem
2363 1940 2625 2008 prorsus
2666 1919 2734 1986 in

466 2030 754 2119 personis
776 2030 953 2097 verbi
985 2052 1131 2096 cum
1163 2029 1262 2096 his
1297 2029 1649 2096 arctissime
1691 2028 2176 2098 cohaerentibus
2198 2029 2404 2099 valent
2425 2028 2527 2123 (§.
2544 2032 2731 2119 214).

336 2158 441 2208 167
636 2143 773 2211 Sed
816 2143 1072 2231 generis
1115 2142 1485 2231 numerique
1525 2142 1820 2229 (praeter
1854 2141 2103 2209 dualem
2147 2139 2210 2232 §.
2230 2143 2392 2229 168)
2434 2144 2727 2212 formatio

460 2257 527 2323 in
590 2256 689 2324 his
743 2256 1218 2345 pronominibus
1276 2277 1539 2344 prorsus
1599 2254 1934 2344 singularis
1993 2256 2202 2324 elucet
2231 2258 2317 2323 ‘ex
2359 2268 2569 2327 aetate
2610 2257 2724 2323 lin-

460 2391 641 2457 guae
686 2367 1023 2456 antiquiori
1067 2378 1334 2435 servata.
1438 2368 1611 2436 Nam
1654 2379 1725 2435 ut
1765 2368 1910 2435 fem.
1955 2392 2055 2457 sg.
2094 2368 2551 2457 distinguatur,
2613 2394 2723 2438 vo-

462 2481 612 2550 calis
668 2481 752 2547 ἰιι
776 2482 805 2546 ἰ
848 2480 1210 2571 depressius
1251 2482 1531 2565 transiit3
1605 2482 1672 2546 in
1714 2481 1861 2547 fem.
1904 2481 1987 2569 pl.
2030 2480 2210 2548 litera
2249 2481 2484 2571 liquida
2521 2484 2721 2553 finalis

428 2604 703 2662 -mutata
758 2604 859 2662 est
910 2595 976 2660 in
1019 2593 1423 2674 obtusiorem.
1523 2592 1699 2660 Plur.
1742 2605 1955 2661 autem
1997 2617 2155 2661 sono
2198 2616 2296 2681 sg.
2333 2623 2427 2699 ,Δ
2465 2596 2562 2660 lm
2606 2595 2721 2687 (a)

457 2730 577 2770 um
645 2707 1040 2795 postposuit,
1127 2727 1292 2793 quae
1365 2706 1725 2773 terminatio
1785 2705 2020 2775 deinde
2081 2708 2147 2772 in
2201 2728 2383 2793 pron.
2439 2731 2568 2774 sec.
2623 2731 2719 2800 pls.

453 2818 757 2886 translata
798 2830 913 2886 est.
1000 2817 1136 2887 Sed
1178 2817 1492 2906 antiquior
1534 2818 1737 2884 forma
1773 2816 1981 2885 Ιιῐειηιῖ
2023 2830 2090 2890 et
2130 2839 2210 2888 ex
2236 2818 2364 2885 hoc
2398 2819 2718 2903 antumd,
2767 2831 2770 2834 '

453 2954 643 3020 quam
699 2930 981 2998 adfuisse
1033 2942 1212 2998 certa
1253 2931 1525 3018 vestigia
1571 2930 1642 3017 ¹)
1687 2929 1953 3013 docent,
2015 2934 2220 3021 poetis
2262 2957 2517 3025 semper
2550 2934 2720 3004 licita

453 3055 591 3124 cst,
653 3044 975 3136 habetque
1033 3046 1099 3114 in
1165 3044 1411 3134 vulgari
1451 3066 1707 3135 quoque
1749 3065 2042 3170 sermone
2079 3045 2312 3115 indicia
2355 3058 2455 3117 sat
2494 3049 2716 3138 gravia

451 3154 554 3246 <s
593 3157 780 3246 3⁷⁰)
1871 3229 1888 3244 ,

320 3302 425 3352 168
618 3270 843 3337 Dualis
886 3281 1134 3351 autem,
1191 3271 1300 3359 qui
1337 3269 1403 3337 in
1450 3272 1649 3337 verbo
1693 3281 1759 3337 et
1799 3271 2172 3360 pronomine
2210 3271 2340 3339 hoc
2377 3274 2529 3341 satis
2565 3295 2711 3341 sero

446 3404 574 3447 nec
611 3383 731 3452 nisi
783 3383 993 3451 cultae
1057 3385 1349 3451 arabicae
1403 3383 1682 3472 linguae*
1713 3386 2005 3474 proprius
2048 3396 2225 3452 ortus
2271 3398 2403 3468 est,
2458 3389 2498 3454 a
2538 3400 2713 3478 post-

449 3496 631 3585 ponit
662 3518 740 3561 ex
766 3498 926 3575 una,
980 3519 1146 3584 quae
1176 3496 1363 3564 adest
1402 3494 1504 3587 (§.
1528 3493 1731 3583 334),
1774 3494 1972 3564 dualis
2002 3499 2440 3568 terminatione
2484 3500 2610 3565 cim·
2637 3499 2713 3588 ²)

414 3649 417 3652 -
451 3608 761 3692 desumta.
840 3608 946 3676 Ea
977 3609 1040 3678 in
1072 3610 1444 3699 pronomine
1477 3608 1769 3678 facillima
1802 3608 2180 3679 formatione
2215 3589 2439 3701 plurali
2465 3612 2715 3704 adjecta

449 3733 579 3802 est,
623 3731 689 3789 et
718 3729 864 3792 cum
897 3722 1064 3789 nullo
1088 3709 1171 3794 sit
1204 3723 1462 3813 generis
1498 3722 1856 3791 discrimine
1872 3771 1892 3806 ‚
1942 3725 2187 3794 formae
2207 3705 2357 3819 'ejus
2388 3728 2713 3819 proximae

447 3857 562 3902 seu
606 3857 760 3902 msc.

552 4030 613 4092 1)
650 4025 716 4080 cf.
753 4026 917 4080 chald.
954 4017 1115 4093 ῘἾΞΠ,
1153 4032 1207 4078 et
1243 4028 1389 4095 impr.
1426 4026 1563 4080 aeth.
1602 4036 1851 4085 autema,
1887 4030 1973 4082 lib.
2010 4029 2076 4081 de
2112 4034 2289 4085 metris
2324 4048 2396 4086 ar.
2434 4049 2484 4100 p.
2507 4035 2593 4086 11.
2624 4036 2714 4086 12.

550 4115 616 4183 2)
653 4117 836 4168 mansit
881 4117 1048 4170 solum
1103 4123 1133 4171 a
1185 4121 1376 4172 omisso
1426 4134 1554 4171 sono
1603 4113 1791 4182 nessii,
1849 4122 1970 4185 quia
2021 4121 2074 4173 in
2123 4122 2282 4175 verbo
2329 4128 2384 4176 et
2415 4123 2714 4190 pronomine

658 4206 796 4259 nulla
833 4212 912 4258 est
947 4207 1144 4265 formae
1188 4212 1297 4265 sive
1335 4210 1596 4263 solitariae
1631 4209 1739 4262 sive
1774 4223 2003 4265 annexae
2036 4212 2294 4283 oppositio
2330 4211 2494 4279 qualis
2528 4211 2581 4265 in
2616 4227 2710 4264 no-

657 4300 793 4353 mine
827 4299 876 4366 5.
903 4304 1025 4372 335.
1126 4297 1129 4298 ’
