2984 4959
1164 380 1713 476 Argumentum.
2190 445 2198 466 ,
2483 404 2577 453 11

715 582 799 649 II.
883 583 998 649 De
1032 583 1337 648 nominis
1380 582 1727 670 stirpibus
1766 592 1835 648 et
1862 555 2154 670 formis.

1217 713 1283 804 5.
1327 716 1502 782 235-
1518 705 1664 779 365.

289 865 358 955 5.
401 866 571 933 235-
586 866 734 933 284.
820 864 874 931 1.
898 861 1261 930 Nominum
1303 863 1552 954 stirpes.

464 1022 531 1117 §.
572 1027 749 1092 259-
765 1026 914 1091 265.
997 1020 1388 1114 Adjectiva
1369 1046 1434 1088 m
1480 1039 1671 1098 6⁴--

465 1137 532 1230 §.
574 1141 752 1206 266-
766 1139 917 1206 271.
1002 1135 1401 1202 Diminutiva.

461 1250 526 1341 §.
571 1252 907 1319 272-274.
992 1248 1359 1337 Participia.

438 1364 531 1456 ·.§
572 1366 909 1432 275-279.
994 1361 1287 1428 Infinitivi
1327 1361 1619 1449 (nomina
1664 1364 1983 1452 actionis).

515 1532 531 1547 .
574 1480 723 1548 283.
991 1474 1266 1541 Nomina
1314 1474 1675 1563 plurilitera.

295 1623 363 1715 §.
403 1622 740 1692 285-329.
823 1617 908 1683 II.
950 1616 1056 1683 De
1100 1638 1344 1704 genere
1385 1628 1451 1683 et
1494 1639 1757 1683 numero
1800 1620 2140 1693 nominum.

463 1734 528 1827 g
565 1737 741 1803 285-
757 1733 906 1798 298.
987 1729 1094 1795 De
1137 1729 1456 1795 feminino.

461 1847 527 1940 §·
565 1849 736 1915 299-
752 1845 898 1912 301.
984 1844 1092 1910 De
1133 1843 1492 1933 pluralibus.

458 1961 522 2053 §.
564 1961 740 2029 302-
756 1958 903 2025 329.
985 1957 1091 2022 De
1133 1956 1492 2024 collectivis.

294 2102 360 2197 §.
401 2101 740 2171 330-354.
826 2098 943 2166 ΙΠ.
984 2097 1092 2163 De
1144 2098 1465 2163 nominum
1509 2064 1811 2186 junctura
1851 2110 1920 2166 et
1966 2099 2402 2172 declinatione.

461 2213 527 2306 5.
572 2216 745 2282 348-
764 2213 912 2280 354.
995 2212 1102 2278 De
1145 2209 1501 2278 nominibus
1541 2212 2044 2303 interjectionum
2088 2216 2145 2283 vi
2186 2218 2428 2306 positis.

295 2355 361 2448 5.
405 2356 535 2425 355
557 2356 753 2424 -365,
835 2354 948 2423 IV.
993 2351 1099 2418 De
1141 2352 1500 2419 nominibus
1542 2356 1988 2425 numeralibus.

295 2543 416 2611 ῙΠ.
506 2541 619 2608 De
664 2541 1071 2630 formarum
1127 2570 1285 2611 cum
1326 2540 1856 2633 pronominibus
1898 2542 2174 2632 suffixis
2197 2545 2574 2633 standard.

408 2727 411 2733 .
1212 2672 1278 2767 5.
1316 2675 1589 2750 366-37
1590 2676 1651 2741 3.

293 2813 359 2907 5.
401 2816 548 2885 367.
821 2817 1214 2885 Pronomina
1254 2816 1502 2885 suffixa.

295 2956 357 3049 5.
403 2957 534 3026 368
554 3002 580 3011 ·
596 2959 745 3028 373.
827 2961 1077 3027 Eorum
1104 2960 1408 3050 junctura
1449 2980 1597 3023 cum
1641 2956 1835 3022 verbo
1878 2966 1946 3022 et
1987 2959 2256 3027 nomine.

751 3192 1163 3281 Appendix.
1228 3192 1341 3259 De
1385 3188 1742 3257 radicibus
1786 3187 2117 3277 infirmis.

1200 3323 1265 3416 5.
1309 3325 1440 3393 374
1464 3366 1491 3377 -
1514 3324 1660 3391 448.

293 3479 361 3573 5.
402 3483 736 3552 374-376.
817 3486 925 3552 De
967 3484 1257 3552 radicum
1297 3486 1688 3553 infirmarum
1727 3483 1954 3553 indole.

288 3622 355 3714 5.
402 3625 738 3694 377-419.
820 3626 874 3694 Ι.
915 3629 1022 3697 De
1060 3629 1381 3697 radicibus
1414 3656 1452 3706 9
1499 3637 1565 3694 et
1607 3636 1696 3697 (ἕ.

460 3735 909 3829 5377-381.
998 3744 1056 3809 1.
1098 3742 1206 3808 De
1231 3777 1276 3823 ,ρ
1321 3753 1388 3809 et
1431 3751 1486 3813 εξ
1528 3739 1747 3828 primis
1787 3737 2182 3807 radicalibuS.

459 3849 526 3940 5.
572 3850 908 3920 382-392.
990 3856 1051 3921 2.
1094 3854 1199 3920 De
1245 3882 1283 3932 9
1327 3866 1392 3921 et
1434 3865 1489 3925 εξ
1531 3854 1741 3920 media
1788 3854 1851 3920 in
1896 3852 2129 3920 radice.

458 3961 525 4052 5.
566 3965 910 4033 393-419.
992 3968 1058 4034 3.
1101 3966 1384 4034 Radices
1429 3966 1690 4033 ultimae
1722 3995 1759 4042 9
1803 3980 1867 4033 et
1908 3979 2000 4037 §.5-

249 4123 253 4127 ·
294 4097 360 4192 5.
402 4102 743 4173 420-428.
829 4106 913 4174 Π.
960 4108 1067 4174 De
1109 4107 1429 4175 radicibus
1472 4106 1797 4174 hamzatis.

290 4240 356 4334 5.
402 4243 730 4315 429-438.
812 4249 929 4315 ΙΠ.
971 4247 1077 4314 De
1120 4247 1440 4318 radicibus
1484 4248 1845 4316 contractis.

291 4380 354 4473 5.
399 4384 735 4454 439-446.
817 4390 929 4458 IV.
975 4392 1080 4457 De
1121 4391 1442 4458 radicibus
1485 4389 1825 4456 multifarie
1864 4388 2142 4454 infirmis.
