2984 4959
423 353 574 435 286
1043 350 1354 420 Radices
1421 349 1719 421 ultimae
1779 402 1823 448 ἃ
1876 361 1950 421 et
1999 379 2089 443 §-

423 623 668 683 tantum
723 633 947 680 vocem
1002 611 1323 694 adhiberi,
1379 611 1497 679 sed
1554 614 1748 683 etiam
1797 542 1924 666 ί-υῗ
1963 623 2030 681 et
2072 543 2243 692 “⁶353
2300 633 2496 702 porro
2538 611 2715 677 haec

903 716 1001 793 ‚³

426 820 621 887 scribi
660 842 854 909 posse
900 778 962 923 {2⁹
946 748 1001 871 ξ
1032 820 1213 910 quasi
1257 829 1285 882 t
1327 819 1517 885 finale
1562 844 1641 887 ex
1682 822 1828 888 fem.
1868 821 2127 888 fluxerit
2179 814 2715 911 (5.285);116-

423 1023 617 1112 nique
672 1026 771 1092 vel
832 1025 958 1092 dici
1014 1049 1206 1115 posse
1248 1013 1402 1126 ξῑρῖ,
1460 924 1618 1099 gs)
1643 1027 1842 1093 Tebr.
1884 1028 2078 1094 Ham.
2121 1048 2182 1114 p.
2216 1025 2299 1091 61
2346 1033 2413 1091 et
2455 1009 2563 1097 [125
2606 1019 2714 1086 vel

424 1171 458 1204 0
494 1172 582 1204 ..5

427 1215 579 1305 A&
652 1232 801 1297 Sac.
861 1229 1032 1299 anth.
1087 1256 1149 1320 p.
1195 1233 1338 1298 126.
1447 1233 1628 1308 Quas
1686 1234 1890 1301 varias
1950 1230 2251 1298 formulas
2312 1226 2715 1295 exclamandi

426 1343 932 1435 scriptionesque
993 1367 1071 1409 ex
1129 1345 1505 1434 antiquitate
1565 1357 1849 1413 servatas
1915 1343 2236 1434 reputanti
2287 1343 2476 1429 origo
2542 1343 2717 1408 haec

426 1478 572 1523 esse
625 1457 892 1527 videtur.
1012 1458 1294 1546 Stirpem
1352 1459 1696 1547 antiquitus
1741 1440 1973 1528 scimus
2016 1460 2079 1523 in
2121 1455 2406 1525 vocalem
2447 1454 2721 1543 longam

425 1573 467 1636 ὃ
508 1595 565 1637 v.
608 1572 648 1636 a
686 1572 917 1639 abiisse
974 1569 1217 1661 53111.
1320 1575 1618 1662 Cumque
1674 1573 1825 1638 huic
1879 1572 2304 1639 terminationi
2353 1570 2553 1636 vocali
2597 1593 2716 1636 vo-

427 1682 579 1750 calis
623 1682 670 1747 ti
712 1684 1179 1752 exclamationis
1224 1684 1323 1775 (5.
1362 1687 1529 1774 351)
1576 1685 1672 1752 vel
1728 1686 1756 1749 i
1812 1685 2021 1752 suffixi
2080 1687 2246 1750 bene
2307 1684 2526 1771 suffigi
2576 1706 2717 1749 non

420 1806 680 1884 posset,
739 1797 842 1862 illa
897 1800 1078 1882 quasi
1135 1780 1270 1864 vox‘
1303 1799 1642 1865 femininae
1690 1800 1773 1866 sit
1814 1798 2273 1867 terminationis
2334 1798 2401 1863 in
2454 1807 2533 1861 at
2583 1798 2718 1884 (ἅι,

422 1930 572 1975 raro
617 1907 734 1995 cit)
777 1910 1055 1993 transiit3
1126 1911 1228 1977 cui
1286 1913 1525 2000 speciei
1565 1912 1818 2002 pluralis
1861 1912 2371 1981 terminationem
2415 1911 2563 1977 fem.
2610 1910 2715 1975 fe-

656 2026 687 2069 5
736 2055 760 2070 ο
780 2027 833 2068 θ,

421 2116 570 2163 rens
631 2039 833 2174 &le-{lg
855 2094 1067 2162 mnu
1119 2098 1388 2167 favebat.
1489 2100 1768 2168 Poterat
1806 2100 1894 2169 ita
1941 2111 2050 2173 aut
2093 2099 2186 2166 cil»
2231 2100 2712 2167 exclamationis

424 2246 690 2376 signum·
721 2286 946 2378 subjici
989 2285 1089 2376 (5.
1120 2286 1314 2371 351),
1361 2297 1472 2355 aut
1514 2288 1834 2371 suffixum,
1882 2300 1956 2356 ut
1998 2310 2449 2377 nonnunquam
2480 2277 2615 2344 cml
2653 2277 2713 2359 [22

419 2421 610 2511 pleno
656 2419 885 2487 suffixo
929 2442 1024 2486 sci
1019 2419 1225 2486 ibitur
1268 2421 1415 2487 Sac.
1450 2420 1583 2487 chr.
1613 2420 1664 2489 I.
1708 2444 1770 2509 Ρ.
1802 2421 1945 2502 122,
1988 2423 2050 2488 6.
2139 2419 2274 2488 Sed
2317 2420 2502 2509 lapsu
2541 2429 2710 2486 tem-

423 2535 599 2625 poris
662 2534 850 2602 hoc
829 2556 849 2599 1
894 2555 1021 2598 non
1061 2532 1125 2596 in
1167 2533 1360 2598 breve
1400 2544 1679 2615 tantum,
1747 2545 1820 2601 ut
1859 2535 1990 2602 fit
1973 2558 2035 2599 111
2082 2534 2543 2602 exclamatione
2584 2530 2708 2622 (5.

425 2648 591 2732 350)
659 2646 957 2713 detritum
1016 2656 1147 2726 est,
1213 2644 1331 2713 sed
1386 2642 1620 2715 vocalis
1678 2648 1930 2713 omnino
1990 2649 2397 2736 correptione
2433 2649 2522 2714 ita
2562 2670 2709 2713 cor-

343 2824 348 2833 ,
426 2772 614 2851 rupta
639 2810 659 2842 ‚
716 2771 789 2827 ut
833 2758 1126 2827 distincta
1173 2760 1339 2826 bene
1381 2784 1511 2826 non
1553 2759 1914 2844 audiretur;
1973 2761 2148 2828 unde
2193 2785 2410 2828 omnes
2452 2760 2708 2827 vocales

425 2877 653 2942 breves
710 2873 773 2939 in
832 2894 986 2953 usu,
1041 2893 1115 2940 ut
1168 2872 1321 2941 alias
1382 2875 1562 2943 simili
1599 2899 1638 2940 e
1682 2878 1875 2942 causa
1915 2872 2015 2965 (5.
2044 2875 2228 2962 431).
2332 2876 2709 2963 Scripturae

424 2988 516 3056 ita
570 2988 734 3056 inter
793 2989 857 3040 ὥ
917 2996 983 3053 et
1035 2980 1066 3039 ἶ
1129 2985 1193 3050 in
1252 2988 1381 3053 fine
1447 2991 1618 3059 vocis
1661 2989 1995 3056 fluctuatio
2041 2988 2227 3054 facile
2271 2987 2548 3055 dilucida
2590 3000 2708 3056 est.

428 3102 586 3170 Hoc
643 3110 859 3169 autem
917 3121 996 3165 ex
1061 3099 1350 3167 omnibus
1396 3100 1639 3182 elucet,
1697 3126 1889 3169 voces
1932 3101 2049 3169 has
2094 3102 2384 3191 antiquas
2428 3124 2599 3168 nunc
2639 3103 2708 3169 in

427 3198 658 3303 lingua
687 3212 995 3281 solitarias
1039 3222 1106 3279 et
1146 3215 1462 3281 obscurae
1501 3215 1761 3304 originis
1805 3238 1950 3282 esse
1998 3214 2086 3304 ¹).
2179 3214 2316 3283 sed
2357 3216 2443 3284 ad
2487 3238 2709 3284 earum

2271 3335 2352 3381 zi
2578 3335 2710 3378 ,εἰ

429 3402 752 3490 exemplar
806 3401 1145 3468 formatum
1214 3413 1314 3470 est
1374 3403 1465 3491 ²)
1541 3404 1609 3470 in
1673 3403 2130 3472 exclamatione
2194 3393 2340 3457 &l
2406 3403 2504 3470 vel
2559 3390 2703 3457 Cui

442 3619 673 3676 mater
727 3630 918 3675 mea.
911 3612 930 3651 '
985 3622 1064 3675 ex
1096 3536 1205 3709 ῖῗ,
1249 3608 1469 3698 quod
1450 3632 1517 3674 m
1556 3609 1777 3699 plurali
1807 3608 2109 3677 (1611111111
2089 3633 2155 3675 111
2195 3608 2707 3678 terminationem

448 3797 596 3863 fem.
638 3758 896 3864 inclinat
962 3729 1190 3871 Ξῑμῗ.

539 4057 603 4127 1)
652 4057 972 4125 grammatici
1024 4056 1221 4111 Arabes
1256 4057 1308 4107 in
1361 4055 1440 4108 his
1477 4048 1795 4124 explicandis
1831 4055 2023 4108 frustra
2058 4054 2278 4109 multum
2312 4053 2600 4123 desudant,
2659 4072 2712 4110 v.

663 4150 781 4201 866.
814 4145 951 4199 anth.
989 4164 1040 4214 p.
1064 4150 1167 4198 125
1186 4175 1213 4185 -
1235 4150 1355 4199 127.

555 4315 621 4382 2)
660 4314 815 4368 etiam
849 4260 951 4401 gx}
988 4275 1042 4388 l}
1081 4316 1134 4363 et
1170 4262 1270 4392 gx:
1309 4332 1339 4366 ο
1363 4312 1541 4384 filiole
1577 4314 1733 4368 affert
1764 4314 1917 4368 Kam.

2966 3532 2982 4025 1¹
