2984 4959
1111 321 1498 419 Appendix
1553 325 1650 419 11.
1980 415 1992 427 .
2169 368 2172 371 ·
2327 337 2497 410 ·375

234 505 520 573 facillime
575 506 975 592 intelligitur,
1044 529 1209 593 quae
1268 506 1456 593 fuerit
1507 507 1860 594 scripturae
1915 517 2048 572 tum
2089 509 2390 594 temporis
2434 508 2508 591 in

234 618 372 706 ipsa
415 619 645 685 Arabia
703 621 885 686 ratio.
994 621 1255 707 Operae
1319 619 1518 706 igitur
1570 633 1716 684 esse
1778 618 1964 697 duxi,
2032 641 2199 706 quae
2248 623 2499 708 singula

235 752 426 818 supra
490 729 573 796 de
616 733 941 798 -vocalium
1008 731 1488 798 scribendarum
1544 731 1789 798 ratione
1830 730 1989 811 dixi,
2064 755 2209 798 cum
2252 736 2498 821 persica

234 842 543 931 scriptura
578 856 942 933 comparata
984 869 1151 934 eque
1189 847 1283 912 rei
1322 845 1520 934 ipsius
1561 844 1909 911 rationibus
1952 843 2351 912 considerata
2393 849 2497 914 hic

235 955 299 1021 in
344 954 629 1021 ordinem
672 958 946 1025 breviter
986 957 1289 1046 redigere
1305 977 1343 1039 ‚⁸
1370 983 1498 1048 quo
1542 958 1742 1050 major
1783 958 1933 1025 inde
1970 957 2302 1029 doctrinae
2347 961 2495 1029 huic

231 1068 420 1155 paulo
462 1070 816 1138 obscuriori
854 1070 964 1138 lux
1014 1071 1340 1159 affulgeat.

397 1207 521 1274 Est
560 1208 625 1272 in
675 1207 918 1296 persica
963 1219 1034 1276 ut
1079 1208 1144 1274 in
1188 1209 1442 1276 arabica
1483 1208 1798 1297 scriptura
1839 1207 1941 1272 lex
1984 1232 2262 1292 summa,
2309 1235 2496 1278 voca-

233 1339 324 1406 les
371 1341 594 1407 breves
652 1365 779 1407 non
841 1342 1033 1409 scribi
1076 1342 1342 1430 (longas
1387 1341 1584 1408 literis
1624 1328 1707 1415 ἱ,
1745 1321 1839 1421 (ξ)
1867 1378 1887 1397 ·
2032 1341 2200 1408 Nam
2267 1344 2496 1410 vocalis

230 1454 643 1542 praecedenti
695 1479 853 1521 sono
914 1457 1281 1522 consonanti
1346 1453 1594 1521 videtur
1657 1453 1873 1519 intime
1906 1454 2129 1543 juncta
2172 1458 2255 1520 ab
2297 1459 2513 1544 eaque*

233 1565 409 1632 haud
459 1567 809 1635 divellenda
863 1592 1025 1636 esse.
1134 1570 1354 1644 Quare
1409 1578 1481 1634 ut
1538 1567 1664 1632 hoc
1710 1567 1859 1656 jure
1901 1569 2049 1647 fiat,
2116 1566 2244 1634 duo
2287 1571 2497 1657 requi-

233 1692 476 1748 runtur.
600 1684 922 1762 Primum,
1003 1694 1075 1751 ut
1129 1683 1383 1748 omnino
1446 1680 1631 1750 litera
1689 1678 2077 1769 praecedat,
2158 1682 2261 1746 cui
2306 1704 2502 1748 sonus

238 1793 446 1860 vocali
502 1818 820 1882 appensus
877 1807 943 1860 et
1000 1817 1244 1875 nexuS,
1305 1804 1370 1861 et
1400 1796 1701 1881 ‘quacum
1742 1794 1974 1859 vocalis
2018 1793 2224 1859 brevis
2267 1794 2504 1881 scripta

225 1908 363 1998 jam
406 1909 676 1996 cogitari
718 1908 934 1997 possit.
1016 1908 1226 1996 Igitur
1262 1907 1316 1973 si
1358 1905 1591 1972 vocalis
1637 1908 1719 1973 ab
1764 1907 1938 1972 initio
1979 1906 2149 1972 vocis
2194 1917 2323 1986 est,
2366 1907 2503 1974 soni
2613 1930 2620 1937 ‘

238 2039 341 2105 cui
397 2038 626 2106 vocalis
690 2039 1018 2105 inhaereat
1073 2040 1273 2104 vicem
1339 2009 1586 2153 subit]
1625 2039 1664 2103 i.
1697 2061 1753 2103 e.
1797 2038 2051 2126 spiritus
2090 2037 2276 2119 lenis,
2322 2050 2393 2106 ut
2435 2050 2494 2164 rt

225 2190 392 2277 'em,
452 2186 610 2283 &2⁴⁰5
650 2193 902 2276 'umid,
976 2196 1379 2283 similiterque
1441 2219 1587 2264 cum
1650 2181 2178 2283 longa'voca1191
2220 2193 2325 2276 Ἃ,
2391 2186 2495 2282 (gell

229 2304 362 2389 ’2¹12,
429 2307 603 2396 quod
653 2320 667 2387 ς
714 2309 975 2376 simulac
1018 2332 1138 2374 vox
1181 2309 1488 2398 ejusmodi
1548 2311 1742 2397 priori
1789 2310 2084 2399 jungitur
2125 2309 2299 2375 haud
2339 2311 2494 2376 scri-

234 2425 439 2503 bitur,
497 2434 567 2490 ut
611 2469 737 2549 W„
779 2422 1048 2510 pirem,
1109 2439 1260 2536 &ft
1304 2426 1486 2489 ezra.
1543 2460 1629 2471 --
1709 2420 1962 2488 Eadem
2006 2434 2103 2488 est
2145 2422 2498 2518 scripturae

236 2582 532 2648 arabicae
588 2581 906 2669 totiusque
956 2581 1280 2648 semiticae
1319 2580 1499 2647 ratio.
1596 2615 1637 2659 ,ρ
1686 2591 1753 2647 et
1797 2591 1852 2650 ἕ
1895 2581 1977 2645 ab
2012 2580 2187 2647 initio
2232 2581 2401 2648 vocis
2444 2581 2499 2648 si

232 2698 298 2762 in
341 2694 622 2763 vocalem
665 2717 889 2761 sonum
932 2694 1358 2774 emolliuntur,
1402 2704 1665 2783 possunt
1709 2693 1966 2782 quidem
2010 2694 2183 2761 solae
2220 2694 2508 2783 scriptae·

233 2812 525 2891 retineri,
569 2809 620 2876 si
662 2809 1101 2897 pronunciatio
1147 2809 1378 2876 vocalis
1419 2808 1737 2898 paullatim
1781 2820 1923 2894 orta
1966 2820 2098 2888 est,
2144 2802 2215 2875 ut
2251 2810 2493 2875 Arabes

156 3012 161 3017 ,
236 2942 414 3009 multi
453 2915 603 3046 3333
636 2941 1055 3029 pronunciant
1097 2937 1285 3006 ukcid
1323 2943 1494 3029 (pro
1545 2936 1892 3026 wukdd),
1956 2938 2180 3005 hamza
2222 2938 2306 3007 ad
2347 2964 2498 3028 pro-

236 3074 700 3140 nunciationem
742 3073 960 3140 literae
993 3129 1030 3176 9
1074 3072 1355 3163 vocalem
1402 3071 1778 3161 signandam
1821 3072 2251 3160 superscripto
2308 3073 2497 3158 (Sao.

238 3208 406 3275 anth.
451 3231 511 3296 p.
535 3209 635 3287 17,
682 3206 837 3292 15);
879 3205 996 3273 sed
1039 3205 1369 3274 dilucidius
1407 3219 1423 3286 ς
1470 3205 1898 3294 praeponitur.
2462 3297 2465 3303 ,

400 3337 655 3406 Deinde
709 3340 873 3406 ratio
930 3349 1066 3407 tota
1107 3352 1383 3407 mutatur
1426 3339 1481 3419 si
1524 3338 1754 3405 vocalis
1812 3335 2116 3403 vocalem
2178 3337 2502 3425 aequitum,

236 3464 416 3545 patet
456 3448 620 3520 enim
665 3475 777 3543 per
819 3477 925 3530 se,
989 3453 1269 3519 vocalem
1317 3451 1670 3523 secundam
1712 3448 2071 3543 necessario
2115 3450 2351 3547 scripto
2393 3474 2501 3517 ex-

235 3567 631 3658 primendam
675 3590 853 3649 esse;
918 3567 1149 3632 etenim
1193 3564 1375 3632 deest
1416 3588 1676 3655 prorsus
1715 3589 1908 3635 sonus
1952 3564 2356 3630 consonantis
2402 3565 2503 3651 cui

238 3681 470 3761 vocalis
541 3680 739 3747 altera
800 3679 1136 3746 inhaerere
1191 3679 1410 3767 possit.
1524 3679 1743 3753 Quare
1803 3689 1869 3773 et
1922 3675 2145 3743 brevis
2204 3686 2271 3743 et
2310 3675 2504 3767 longa

238 3786 471 3861 vocalis
514 3805 660 3882 post
703 3791 985 3860 vocalem
1029 3792 1195 3879 (sive
1238 3792 1573 3880 scriptam,
1618 3791 1750 3857 sive
1791 3814 1919 3857 non
1951 3770 2274 3879 scriptam,
2314 3798 2506 3879 prout

239 3907 435 3994 longa
488 3908 586 3974 vel
644 3906 849 3973 brevis
906 3903 1051 3991 est)
1105 3903 1442 3971 scribenda
1486 3914 1617 3985 est,
1681 3915 1754 3972 ut
1817 3918 1985 3994 pers.
2027 3918 2141 4003 4513
2172 3902 2345 3990 pai,
2402 3919 2504 4008 ,χὲ

225 4020 420 4135 'bena
482 4055 822 4180 rufa-310&
862 4057 1010 4129 zm.
1066 4101 1155 4114 --
1216 4106 1223 4114 .
1265 4064 1572 4134 semmaa
1628 4064 1694 4131 in
1741 4063 2053 4152 scriptura
2109 4022 2195 4132 ‹31›
2251 4067 2509 4155 linguae

243 4236 620 4299 conpursum
663 4220 969 4286 vocalium
1004 4221 1289 4288 evitantis
1334 4222 1644 4289 rationem
1669 4223 2057 4316 peculiarem
2101 4222 2226 4291 hoc
2256 4225 2507 4292 omnino

240 4348 388 4393 raro
443 4328 683 4412 evenit,
754 4341 1041 4423 putoque
1101 4342 1298 4399 totam
1364 4334 1748 4423 scripturam
1794 4330 2116 4415 'vocalium
2164 4322 2510 4405 semiticani
