2984 4959
393 345 424 410 1
443 344 486 409 2
1249 327 1793 423 Prolegomena.

388 509 493 577 hic
536 510 728 597 vulgo
769 519 995 579 auctor
1030 511 1216 601 hujus
1259 512 1614 599 scripturae
1655 510 1966 577 Arabibus
2010 510 2382 579 celebretur.
2471 514 2664 582 Orta-

386 646 514 712 que
555 624 649 689 sic
697 634 844 690 sunt
884 623 1013 691 duo
1055 626 1380 714 potissima
1416 624 1774 712 scripturae
1814 625 2111 690 arabicae
2153 646 2415 711 genera.
2498 627 2666 695 Alte-

1950 735 1982 776 ε’.
2014 744 2124 775 >oo-0

383 825 564 882 rum,
656 825 696 868 a
760 801 918 868 sede
993 823 1111 867 sua
1178 800 1528 890 praecipua
1591 795 1891 885 caflcum
1936 781 2096 902 ‘335⁸
2146 801 2429 884 dictum,
2505 805 2665 872 anti-

385 935 729 1023 quissimae
773 933 1068 1014 similiuS‚
1124 932 1316 1000 literis
1364 943 1661 998 constans
1692 931 1930 1020 junctis
1973 933 2265 1022 quidem,
2329 933 2447 1002 sed
2491 957 2664 1003 cras·

382 1049 652 1115 sioribus
699 1057 765 1115 et
806 1047 1185 1138 majoribus3
1229 1044 1403 1133 quod
1449 1046 1651 1112 serius
1697 1045 2236 1114 obvenerabilem
2280 1071 2466 1114 suam
2505 1048 2664 1114 anti-

382 1161 689 1250 quitatem
746 1160 811 1225 in
866 1160 1116 1226 Korani
1170 1161 1567 1249 potissimum
1622 1159 2081 1248 exemplaribus
2137 1169 2204 1226 et
2243 1161 2663 1228 monumentis

380 1275 646 1365 publicis
690 1272 936 1340 fidelius
981 1284 1335 1353 servatum,
1399 1273 1723 1360 paullatim
1762 1284 1978 1340 tamen
2042 1274 2107 1339 in
2161 1274 2427 1341 Oriente
2480 1295 2665 1363 pror-

381 1411 489 1456 sus
547 1386 913 1474 neglectum
974 1372 1073 1455 est
1125 1398 1191 1455 et
1237 1386 1656 1454 obliteratum.
1762 1387 2124 1475 Specimina
2167 1386 2301 1476 ejus
2344 1387 2526 1455 nobis
2565 1399 2666 1456 sat

377 1502 576 1569 multa
621 1502 687 1566 in
724 1500 1042 1581 Koranis‚
1086 1500 1326 1580 numis‚
1383 1499 1804 1567 monumentis
1847 1512 2096 1568 servata
2137 1512 2284 1567 sunt
2316 1500 2421 1589 ¹);
2478 1524 2662 1569 usus-

381 1637 508 1704 que
562 1615 820 1681 invaluit
876 1613 1158 1702 quamvis
1218 1614 1545 1702 antiquam
1586 1612 2040 1680 Moslemorum
2083 1601 2464 1705 scripturam
2506 1618 2662 1684 cufi-

380 1750 526 1795 cam
597 1727 991 1794 nominandi.
1029 1738 1105 1795 ut
1159 1750 1469 1817 perquam
1536 1725 1813 1814 vulgaris
1867 1726 1957 1793 ita
2012 1738 2227 1794 tamen
2282 1727 2455 1796 haud
2509 1730 2662 1797 satis

377 1840 766 1931 probandus.
872 1842 978 1907 Ex
1041 1840 1168 1906 hoc
1227 1842 1433 1906 cufico
1478 1861 1725 1927 genere
1771 1851 1922 1906 nata
1964 1849 2063 1907 est
2102 1841 2382 1907 Arabum
2422 1843 2669 1931 Hispa--

377 1977 608 2021 norum
675 1965 743 2021 et
803 1954 1251 2022 Africanorum
1313 1955 1623 2020 seriorum
1699 1954 1890 2021 etiam
1966 1954 2322 2041 scripturae
2394 1957 2661 2045 species,

377 2092 546 2158 quae
607 2069 758 2135 satis
818 2078 1067 2134 mature
1124 2069 1205 2134 ab
1252 2068 1519 2134 Oriente
1562 2065 1774 2132 avulsa
1818 2065 2122 2155 deinceps
2165 2069 2436 2134 formam
2480 2092 2661 2136 suam

378 2182 701 2271 antiquam
756 2171 1035 2248 fidelius'
1062 2182 1330 2247 servavit
1387 2181 1575 2246 variis
1630 2191 1843 2247 tamen
1878 2180 2016 2268 jam
2055 2180 2407 2248 rationibus
2451 2194 2659 2250 muta-

374 2307 507 2364 tam
552 2307 618 2364 et
655 2296 1014 2362 innovatam
1059 2294 1152 2382 ²).
1237 2293 1521 2361 Alterum
1564 2316 1773 2382 genus
1818 2295 1882 2360 in
1927 2295 2200 2362 Oriente
2245 2305 2311 2361 et
2354 2296 2658 2385 Aegypto

377 2409 698 2477 excultum
756 2430 1032 2498 seroque
1094 2404 1178 2472 ad
1234 2408 1479 2474 Korani
1542 2406 1923 2496 exemplaria
1980 2407 2379 2489 traductum,
2448 2407 2660 2475 litera-

384 2544 530 2589 rum
586 2520 814 2590 ductus
869 2523 1140 2611 pingens
1201 2531 1336 2587 tum
1387 2521 1704 2609 gratiores
1746 2532 1882 2588 tum
1926 2522 2384 2610 contractiores
2437 2534 2504 2590 et
2544 2524 2661 2590 mi·-

470 2665 477 2674 .
732 2649 739 2654 -
1134 2633 1164 2673 ἐ
1249 2642 1281 2673 o
1298 2649 1326 2673 a
1343 2648 1391 2672 ρο

387 2702 704 2782 nutiores,
768 2698 1068 2798 Nes-blei
1117 2685 1361 2799 95⁹4„
1406 2700 1447 2765 i.
1483 2722 1538 2766 e.
1581 2698 1847 2766 librariis
1885 2699 2320 2786 exemplaria
2356 2698 2662 2766 librorum

387 2832 892 2902 describentibus
946 2829 1249 2896 idoneum
1313 2831 1702 2898 nominatum
1722 2881 1741 2911 ,
1806 2831 1888 2896 ab
1947 2853 2027 2897 eo
2067 2832 2461 2918 potissimum
2500 2842 2660 2898 tem-

387 2970 550 3037 pore
611 2939 898 3026 invaluit‚
954 2967 1082 3033 quo
1129 2944 1372 3011 Arabes
1431 2944 1759 3031 ingentem
1814 2943 2115 3011 librorum
2160 2946 2362 3012 omnis
2405 2945 2662 3033 generis

390 3060 640 3148 copiam
681 3058 906 3145 legere
946 3069 1011 3125 et
1054 3056 1420 3125 describere
1464 3068 1831 3147 coeperunt.
1919 3057 2000 3123 Id
2047 3070 2196 3147 post
2235 3059 2669 3134 Ibn-Moklam

387 3172 688 3262 imprimis
757 3195 796 3237 a
854 3172 1075 3242 scribis
1135 3171 1515 3261 quibusdam
1576 3170 2059 3252 celebrioribus,
2128 3183 2204 3239 ut
2244 3172 2663 3238 Abu’lhasano

389 3285 485 3353 Ali
528 3285 907 3351 ben-Helal
961 3281 1567 3354 ben-Albawwab
1612 3283 1732 3371 (m.
1774 3306 1830 3349 a.
1865 3285 1994 3350 412
2037 3309 2091 3350 v.
2128 3282 2293 3370 413)
2337 3296 2406 3353 et
2444 3285 2665 3353 Emin-

391 3396 625 3464 eddino
681 3396 894 3461 Jacut
954 3398 1229 3464 Mauzeli
1298 3398 1417 3487 (m.
1467 3422 1526 3464 a.
1570 3395 1736 3484 618)
1796 3397 2122 3465 volubilius
2181 3408 2248 3465 et
2306 3399 2662 3486 elegantius

390 3512 633 3577 factum
685 3508 748 3573 in
805 3506 1087 3596 plurimis
1145 3512 1536 3599 conspicitur
1596 3510 1924 3578 codicibus
1980 3535 2059 3579 ex
2083 3512 2223 3578 .illis
2292 3513 2663 3600 regionibus

391 3623 476 3691 ad
540 3646 657 3689 nos
722 3622 1167 3711 transportatis
1232 3626 1588 3714 mansitque
1662 3623 1747 3691 ad
1825 3625 1995 3696 hunc
2078 3648 2283 3713 usque
2366 3625 2535 3692 diem
2602 3625 2667 3690 in

478 3881 539 3949 1)
587 3896 635 3933 v.
687 3879 911 3931 Chardin
952 3892 1155 3943 voyage
1203 3893 1268 3930 en
1321 3878 1485 3931 Perse
1532 3879 1615 3932 Pl.
1643 3883 1730 3933 71.
1779 3884 1866 3933 72.
1953 3878 2183 3934 Niebuhr
2232 3879 2531 3934 Beschreib.
2569 3896 2670 3933 von

530 3971 535 3978 ’
602 3972 758 4025 Arab.
814 3977 852 4023 t.
896 3972 1084 4023 4-11.
1175 3968 1338 4021 Adler
1383 3968 1548 4022 deser.
1602 3971 1716 4023 cod.
1767 3971 1869 4022 cus.
1926 3971 1993 4022 de
2042 3973 2213 4035 Sacy,
2250 3987 2328 4036 gr.
2383 3987 2456 4022 ar.
2495 3972 2576 4023 Pl.
2617 3976 2668 4021 3.
2717 3955 2748 4015 .’

605 4062 794 4129 Koppe
829 4061 924 4112 l.c.
963 4078 1013 4128 p.
1036 4063 1161 4112 288.
1224 4061 1465 4112 Reiuaud
1503 4078 1638 4113 mon.
1675 4063 1909 4113 musulm.
1948 4062 2012 4113 T.
2033 4066 2085 4113 2.
2123 4069 2176 4113 et
2195 4063 2415 4115 dissertt.
2455 4064 2672 4114 aliorum

603 4150 671 4203 de
720 4151 900 4203 numis.
989 4151 1037 4202 Ε
1087 4151 1273 4218 quibus
1314 4153 1631 4220 ‘scripturam
1682 4155 1895 4207 euticam
1931 4154 2192 4207 literarum
2229 4152 2580 4219 magnitudine
2618 4157 2673 4203 et

604 4249 788 4295 ornatu
821 4243 1061 4297 maxime'
1076 4245 1270 4296 variam
1304 4259 1439 4318 esse·
1463 4244 1740 4309 colligitur.

475 4387 538 4454 2)
576 4404 623 4439 v.
662 4388 800 4454 διο]
834 4404 913 4454 gr.
952 4404 1023 4441 ar.
1060 4388 1141 4441 Pl.
1173 4392 1225 4441 2.
1266 4389 1316 4441 4.
