2984 4959
411 342 570 415 244
1108 323 1226 394 De
1278 321 1641 433 radicibus
1690 319 2020 393 infirmis.

413 587 668 675 origine
708 584 781 673 ¹)
842 582 1076 652 suffixa
1117 580 1385 647 nominis
1429 579 1857 669 suffiguntur,
1913 589 1987 647 ut
2029 534 2166 713 {fs-{L
2194 600 2336 659 me,
2393 531 2519 712 [5ῑὲ
2556 602 2704 660 noc,

413 740 523 880 :LE
573 816 767 869 eum,
830 745 977 874 ὄις.
1025 799 1094 853 te
1135 800 1258 855 etc·

503 888 535 929 ξ
946 884 976 924 ὅ

868 1185 1273 1274 Appendix.
1371 1183 1486 1249 De
1528 1180 1888 1248 radicibus
1931 1177 2259 1269 infirmis.

283 1327 391 1379 374
586 1316 803 1385 Radix
844 1318 1093 1385 infirma
1135 1329 1266 1397 est,
1327 1339 1496 1405 quae
1555 1317 1638 1381 ob
1682 1315 1869 1381 unius
1929 1314 2282 1402 pluriumve
2337 1313 2712 1381 radicalium

418 1427 697 1496 indolem
758 1444 825 1499 et
878 1431 1092 1520 legem
1150 1433 1538 1521 peculiarem
1594 1454 1632 1497 a
1679 1431 1901 1495 norma
1943 1431 2007 1494 in
2051 1429 2343 1496 radicum
2386 1430 2713 1495 firmarum

416 1546 704 1627 flexiones
751 1548 1023 1615 stabilita
1082 1547 1226 1635 plus
1280 1548 1565 1613 minusve
1621 1543 1884 1611 recedit.
1986 1542 2068 1610 Id
2110 1566 2262 1610 vero
2307 1543 2592 1632 pluribus
2631 1566 2714 1610 ex

419 1660 625 1727 causis
667 1660 807 1725 fieri
853 1671 1085 1750 potest.
1167 1660 1343 1726 Aliae
1384 1659 1675 1739 radices,
1723 1680 1888 1747 quae
1931 1680 2059 1724 non
2104 1657 2189 1724 ad
2230 1657 2420 1724 trium
2457 1656 2722 1722 radica--

417 1771 569 1839 lium
620 1773 947 1838 firmarum
991 1774 1295 1840 ambitum
1339 1784 1788 1853 excreverunt,
1858 1772 1945 1839 ita
2009 1784 2156 1839 sunt
2202 1771 2590 1851 adornatae,
2639 1781 2716 1838 ut

420 1907 582 1953 sono
646 1885 849 1952 vocali
906 1888 972 1952 in
1023 1898 1515 1968 consonantem,
1599 1888 1649 1954 si
1711 1909 1790 1952 ea
1849 1886 2103 1952 omnino
2166 1886 2530 1953 necessaria
2591 1895 2710 1968 est,

417 1998 727 2067 vertendo
789 2012 899 2068 aut
939 2000 1222 2068 secunda
1263 2000 1526 2068 radicali
1569 1999 1954 2088 geminanda
1996 2021 2188 2068 unam
2233 2024 2312 2067 ex
2357 2001 2562 2067 tribus
2604 2022 2711 2065 ra-

420 2111 731 2179 dicalibus
775 2114 1143 2202 suppleant,
1210 2126 1282 2182 ut
1338 2138 1533 2202 supra
1594 2114 1659 2206 ξ.
1700 2117 1826 2182 149
1882 2117 2241 2184 summatim
2303 2127 2401 2183 est
2458 2114 2709 2204 exposi-

417 2236 588 2294 tum..
703 2227 781 2294 In
843 2229 976 2295 aliis
1044 2252 1237 2295 sonus
1306 2227 1600 2295 radicalis
1659 2230 2028 2318 peculiaris,
2104 2230 2290 2297 veluti
2353 2228 2710 2317 gutturalis,

420 2341 1012 2432 pronunciationem
1070 2342 1355 2432 postulat
1413 2354 1486 2409 ut
1547 2344 1666 2409 sibi
1726 2366 2084 2432 congruam
2129 2345 2219 2412 ita
2261 2366 2301 2409 a
2343 2343 2492 2432 lege
2537 2366 2712 2409 com-

421 2456 596 2567 muni
656 2454 942 2521 alienam.
1049 2457 1127 2524 In
1192 2456 1500 2523 nonnullis
1561 2480 1918 2524 consonans
1977 2456 2293 2546 quaedam
2352 2457 2594 2523 mollior
2634 2479 2715 2541 ex

423 2591 549 2637 usu
609 2569 926 2659 frequenti
976 2568 1155 2659 justo
1202 2570 1395 2637 etiam
1436 2570 1580 2658 plus
1624 2571 1949 2660 paullatim
1993 2570 2191 2636 deleri
2234 2583 2300 2638 et
2358 2569 2597 2637 aboleri
2641 2593 2715 2637 se

1569 2704 1660 2735 ,a
1870 2700 1994 2733 0³⁶

425 2781 621 2847 passa
663 2768 794 2840 est,
835 2767 908 2826 ut
967 2769 1102 2843 §.553⁹
1143 2781 1261 2847 pro
1303 2688 1494 2848 εξῐές,
1550 2743 1652 2843 ές
1693 2780 1813 2848 pro
1862 2736 2035 2845 ωἷς.

290 2975 399 3027 37⁵
595 2954 849 3021 Harum
902 2950 1191 3027 radicum
1245 2954 1535 3021 flexionis
1595 2954 1854 3042 linguae
1901 2957 2199 3024 arabicae
2250 2955 2525 3023 usitatae
2570 2954 2712 3020 sun·

427 3066 796 3135 damentum
851 3066 1108 3156 quidem
1171 3068 1467 3156 antiquae
1535 3070 1860 3136 semiticae
1919 3071 2205 3137 flexionis
2272 3070 2362 3136 vis
2426 3081 2492 3136 et
2552 3067 2715 3135 ratio

429 3182 806 3272 permansit,
861 3190 935 3248 ut
988 3179 1192 3247 multa
1228 3202 1358 3246 non
1400 3183 1522 3249 nisi
1578 3206 1657 3249 ex
1698 3186 1944 3251 remota
1984 3184 2244 3272 linguae
2289 3194 2503 3251 aetate
2546 3181 2715 3248 deri-

432 3306 579 3363 vata
638 3294 976 3385 perspicua
1029 3294 1222 3361 fiant:
1294 3293 1414 3361 sed
1475 3297 1543 3362 in
1599 3298 1808 3366 multis
1857 3299 1996 3390 jam
2061 3322 2225 3366 nova
2281 3297 2597 3365 succrevit
2650 3304 2715 3363 et

436 3409 805 3476 concinnior
849 3419 916 3474 et
956 3407 1310 3478 distinctior
1351 3421 1490 3483 tum
1532 3434 1685 3477 vero
1731 3414 1921 3480 etiam
1964 3414 2206 3480 firmior
2260 3413 2486 3492 flexio,
2549 3433 2717 3500 quae

434 3522 687 3591 radices
751 3522 869 3588 has
927 3522 1232 3612 perfectis
1292 3535 1359 3592 et
1426 3525 1624 3594 firmis
1686 3527 2011 3596 similiores
2074 3526 2380 3595 redderet
2435 3524 2549 3615 (ξ.
2585 3526 2628 3591 6
2644 3523 2717 3610 );

438 3659 641 3726 quare
693 3635 759 3702 in
818 3636 916 3704 his
974 3638 1231 3726 antiqua
1287 3649 1353 3707 et
1409 3661 1574 3708 nova
1632 3641 1821 3708 flexio
1881 3642 2047 3708 bene
2103 3638 2556 3729 distinguenda
2599 3648 2717 3707 est.

438 3748 706 3842 Accedit
761 3748 937 3838 quod
999 3750 1164 3818 haec
1221 3763 1320 3822 est
1383 3755 1637 3821 omnino
1693 3754 1952 3844 linguae
2004 3757 2303 3823 arabicae
2342 3755 2537 3823 virtus
2557 3805 2577 3835 ,
2645 3762 2720 3821 ut

439 3862 880 3953 pronunciatio
942 3864 1023 3932 sit
1072 3867 1398 3936 robustior
1413 3920 1433 3952 ,
1511 3871 1902 3937 constantior
1962 3881 2028 3939 et
2089 3869 2482 3952 distinction
2546 3866 2737 3959 under

545 4161 609 4228 1)
658 4177 705 4215 v.
754 4160 823 4214 de
874 4162 939 4215 ea
991 4161 1132 4216 dicto
1185 4161 1239 4214 in
1287 4176 1367 4228 gr.
1419 4159 1563 4237 hebr.
1614 4177 1686 4215 cr.
1737 4176 1789 4232 p.
1820 4165 1944 4216 ⁵92.
2040 4161 2229 4214 Ortum
2276 4157 2481 4212 videtur
2515 4173 2584 4211 ex
2619 4117 2717 4246 ‘⁵5'

647 4333 785 4371 nom.
822 4317 942 4371 fem.
979 4263 1198 4409 εἶ’,
1250 4262 1350 4410 {J
1392 4335 1452 4367 =
1499 4316 1694 4382 ἣῖΝ.

1117 4368 1198 4459 fi,
