2984 4959
7 4729 19 4904 ——aea
3 4509 18 4644 ω

1158 360 1701 457 Prolegomena.
2519 376 2566 443 3

285 534 603 614 accedant
617 595 636 626 ‚
721 545 923 612 omnis
1001 545 1248 615 cultura
1263 597 1283 628 ,
1370 545 1828 613 incrementum
1844 594 1864 627 ,
1954 544 2433 613 decrementum
2490 567 2569 613 ex

285 662 430 750 ipsa
492 672 723 727 natura
758 660 1032 758 pendet.
1160 660 1384 728 Poetis
1452 659 1837 747 praecipue,
1904 681 2066 747 quos
2122 671 2189 727 et
2227 660 2460 728 multos
2507 669 2573 728 et

287 776 571 862 insignes
645 773 990 842 admodum
1047 775 1395 863 metrisque
1448 772 1726 839 venustis
1777 780 2029 852 utentes
2071 772 2267 840 fuisse
2316 774 2573 852 scimuS,

291 889 358 955 in
428 900 627 977 gente
684 877 821 979 per*
874 904 946 956 se
1005 888 1143 979 jam
1211 909 1570 976 generosa,
1669 884 1869 967 elata,
1961 897 2152 953 acuta
2221 887 2390 953 hanc
2462 887 2576 952 lin-

292 1025 471 1091 guae
530 1002 842 1069 culturam
893 1001 1117 1068 deberi
1157 1002 1326 1068 bene
1369 998 1641 1067 credere
1678 997 1859 1079 licet3
1931 1009 2125 1087 atque
2167 999 2417 1066 mediae
2461 1024 2578 1089 po-

295 1118 611 1185 tissimum
643 1118 921 1184 Arabiae
963 1115 1273 1183 tractibus
1293 1165 1311 1195 ,
1369 1114 1436 1180 in
1479 1113 1710 1201 quibus
1753 1122 2049 1199 poemata
2093 1113 2275 1179 nobis
2319 1116 2581 1202 cognita

297 1231 734 1319 antiquissima
782 1241 848 1298 et
896 1230 1198 1296 Koranus
1242 1229 1481 1317 scripta
1521 1236 1701 1306 sunt,
1765 1225 1872 1292 hic
1914 1226 2174 1312 linguae
2216 1226 2423 1293 cultus
2469 1228 2582 1293 de-

298 1345 510 1410 betur.
618 1344 746 1414 Est
803 1323 1019 1410 autem
1078 1343 1247 1410 culta
1286 1343 1450 1409 haec
1489 1338 1713 1427 lingua
1755 1339 1851 1405 his
1889 1340 2302 1428 potissimum
2345 1341 2584 1407 virtuti-

302 1460 427 1524 bus
492 1481 531 1524 a
583 1457 977 1547 simpliciori,
1047 1458 1156 1546 qui
1211 1453 1598 1545 antiquitatis
1646 1451 1902 1519 ultimae
1946 1463 2115 1532 erat,
2176 1454 2399 1521 habitu
2457 1453 2585 1522 dis-

304 1557 544 1639 tincta:

473 1683 737 1770 Lingua
797 1705 879 1749 ex
938 1683 1189 1771 origine
1236 1681 1375 1771 jam
1433 1680 1723 1749 culturae
1766 1681 2215 1770 capacissima,
2289 1704 2580 1764 nervosa,
2626 1709 2664 1756 5

306 1795 482 1864 dives
503 1847 522 1877 ,
607 1797 949 1886 perspicua
965 1846 985 1877 ,
1057 1794 1369 1862 vocalium
1421 1796 1719 1863 ubertate
1776 1806 1843 1863 et
1900 1795 2288 1862 volubilitate
2342 1796 2592 1884 gaudet

304 1911 570 1999 insigni,
693 1905 823 1999 qua
903 1911 1044 1999 ipsa
1120 1909 1516 1977 formationis
1587 1909 1938 1997 praecipue
2029 1920 2095 1977 et
2171 1909 2440 1977 facultas
2529 1923 2595 1977 et

304 2026 584 2091 brevitas
659 2036 809 2113 apta
884 2023 1058 2090 haud
1123 2024 1344 2092 leviter
1418 2033 1828 2092 sustentatur.
1975 2024 2161 2100 Quae
2224 2023 2290 2087 in
2376 2024 2594 2112 lingua

312 2135 675 2227 simpliciori
718 2148 786 2205 et
827 2137 1163 2227 antiquiori
1202 2117 1377 2204 haud
1417 2137 1571 2204 satis
1617 2135 1896 2203 discreta
1938 2147 2005 2204 et
2045 2136 2358 2222 dilucida,
2433 2140 2596 2205 haec

312 2272 658 2318 secernere
717 2262 785 2319 et
845 2250 1240 2319 distinctiora
1278 2249 1557 2316 reddere
1600 2250 1932 2330 annititur,
2000 2263 2066 2319 et
2107 2252 2170 2317 in
2212 2255 2597 2340 pronuncia--

317 2364 495 2432 tione
537 2387 876 2444 sonorum,
935 2375 1003 2432 et
1056 2364 1121 2429 in
1177 2364 1396 2431 formis
1450 2363 1742 2450 linguae,
1822 2374 1888 2430 et
1926 2364 1992 2428 in
2034 2388 2261 2432 vocum
2290 2368 2599 2457 junctura

317 2455 629 2544 ilniversa.
775 2477 888 2544 Sic
962 2500 1111 2544 cum
1192 2476 1366 2543 cultu
1447 2475 1771 2558 nitidiora,
1866 2477 2226 2559 subtiliora,
2328 2481 2599 2547 clariora

318 2591 534 2658 omnia
596 2591 770 2658 facta
824 2601 1003 2671 sunt;
1072 2600 1266 2679 atque
1320 2588 1543 2676 lingua
1591 2590 1664 2688 ‘in
1717 2590 1999 2679 plurimis
2064 2616 2294 2660 novam
2334 2619 2599 2688 prorsus

319 2702 527 2770 induit
566 2713 810 2770 vestem
854 2703 1259 2771 ornatiorem.
1368 2702 1756 2772 Inexhausta
1797 2726 2060 2793 prorsus
2105 2730 2301 2776 novas
2363 2710 2601 2779 formas

321 2814 647 2888 condendi.
680 2816 964 2886 facultas.

492 2929 749 2996 Deinde
790 2931 1013 3018 lingua
1056 2930 1237 2998 fortis
1280 2939 1414 2997 tum
1474 2927 1748 2995 maxime
1793 2919 1860 2995 et
1899 2954 1930 2995 ι·
1983 2931 2184 2998 ιεοιιΙει
2232 2955 2356 3000 nec
2397 2934 2605 3003 litera·
2642 2964 2674 3011 6

323 3066 469 3110 rum
512 3066 637 3109 nec
681 3044 1028 3111 formarum
1066 3043 1309 3110 tanta‘m
1351 3041 1525 3108 novit
1565 3040 1949 3109 debilitatem
1992 3046 2090 3111 vel
2133 3048 2606 3137 corruptionem

323 3169 391 3223 et
430 3157 865 3224 confusionem
906 3167 1208 3246 quantam
1257 3165 1515 3222 ceterae
1559 3152 1830 3223 dialecti.
1938 3160 2085 3223 lmo
2128 3161 2328 3226 robur
2371 3163 2624 3253 ubique.

325 3280 605 3338 ostentat
648 3281 712 3338 et
754 3270 1272 3349 concinnitatem,
1317 3266 1481 3333 adeo
1529 3278 1599 3335 ut
1640 3291 1837 3357 saepe
1879 3272 2450 3344 conformationem
2479 3278 2609 3354 for-

324 3405 574 3450 marum
617 3383 1010 3472 aequabilem
1053 3382 1392 3449 restituere
1436 3381 1770 3448 annitatur.
1877 3384 2078 3452 Haud
2139 3410 2289 3455 raro
2344 3391 2433 3458 ita
2477 3393 2612 3459 for«

324 3495 522 3588 matio
565 3517 745 3562 nova
787 3519 902 3563 seu
927 3493 1202 3583 fortior
1272 3489 1345 3561 d
1395 3494 1764 3561 concinnior
1821 3500 2170 3587 reperitur,
2255 3502 2608 3588 interitura,

328 3608 637 3688 confusa,
697 3608 960 3700 disjecta
1000 3609 1258 3698 firmans
1310 3617 1376 3675 et
1417 3606 1851 3695 distinguens·

502 3720 749 3798 Quibus
792 3721 1121 3790 virtutibus
1166 3743 1529 3810 quanquam
1577 3719 1797 3809 lingua
1840 3722 2069 3791 ceteris
2112 3725 2408 3795 semiticis
2453 3730 2611 3795 mul·
2649 3752 2680 3798 τ

330 3843 468 3900 tum
510 3833 866 3915 antecellit,
938 3847 1006 3902 at
1048 3847 1145 3902 est
1197 3844 1410 3901 tamen
1430 3833 1734 3900 ‘hebraea
1775 3836 1971 3904 multo
2015 3840 2352 3905 recentior.
2438 3842 2613 3908 Hinc

329 3945 398 4011 in
443 3969 520 4012 ea
559 3946 758 4016 multa
802 3947 1062 4038 linguae
1092 3945 1385 4039 juvenilis
1458 3956 1524 4017 et
1579 3947 1869 4014 sensibus
1926 3960 2147 4018 rectae
2190 3953 2458 4041 vestigia
2501 3958 2613 4021 ab-

331 4056 516 4143 olita3
584 4062 787 4129 omnis
831 4060 1187 4128 enunciatio
1231 4058 1564 4128 dilucidior
1604 4071 1672 4128 et
1712 4060 2061 4150 perfectior
2118 4064 2323 4149 facta3
2391 4080 2611 4136 exuta-
2725 4151 2735 4160 ‚

311 4159 464 4260 'que
530 4173 735 4241 forma
799 4173 1059 4266 juvenili
1126 4172 1348 4260 lingua
1412 4171 1690 4238 idealem
1754 4176 1968 4262 potius
2032 4175 2143 4264 (ut
2206 4178 2296 4246 ita
2361 4179 2609 4267 dicam)

328 4284 576 4368 induit,
637 4311 829 4377 quam
884 4290 950 4359 in
1001 4284 1585 4373 indo-germanica
1641 4283 1862 4374 lingua
1919 4275 2417 4358 consummatam
2472 4316 2613 4359 esse

331 4397 584 4467 dixeris.
746 4403 921 4469 Hinc
1007 4401 1172 4468 inter
1255 4397 1378 4463 alia
1461 4398 1760 4465 arabicae
1840 4400 2114 4468 dialecto
2187 4402 2338 4492 jam,
2404 4403 2612 4471 verba

1954 4514 2113 4578 l..
