2984 4959
1031 301 1148 371 De
1202 301 1782 375 consonantibus.
2449 322 2549 390 33

260 504 416 572 dem
438 525 599 573 voce
630 515 778 571 ante
814 511 920 581 ἐξ,
963 514 1239 583 maneat,
1271 515 1420 573 ante
1434 535 1488 584 A
1534 517 1600 573 et
1638 504 1812 571 vocis
1854 507 2175 597 sequentis
2215 507 2280 573 in
2323 530 2548 577 sonum

261 618 589 707 sequentis
631 616 873 683 resolvi.
959 616 1448 706 Pingunterque
1483 616 1633 683 hinc
1672 641 1867 707 supra
1909 633 1968 700 ὁ
2019 615 2100 686 ἰῐῖ
2123 621 2404 688 Koranis
2450 621 2546 687 di-

260 780 703 869 ligentioribus
751 776 968 844 colore
1004 777 1277 842 rubro·
1240 816 1296 856 ω
1320 818 1342 853 ,
1395 782 1448 865 ἑ
1493 775 1564 863 (
1547 801 1586 843 1.
1627 800 1683 843 e.
1738 764 1943 863 35⁵³,
1988 778 2364 845 occultatio
2405 783 2545 847 soni

1691 877 1772 911 0‘
1741 883 1813 912 m,

264 939 559 1030 primitivi
615 958 736 1028 per
777 933 1131 1022 nasalem),
1191 965 1225 1037 f
1251 979 1272 1018 7
1354 934 1404 1023 ξ
1461 935 1551 1022 (i.
1598 958 1634 1003 e
1691 928 1801 991 3ὶὲ
1862 948 2051 1004 tonus
2111 937 2379 1023 nasalis)
2439 964 2541 1008 se-

267 1090 507 1170 quente
545 1077 879 1147 Teschdid
937 1089 1002 1145 et
1061 1062 1135 1167 2‘55
1197 1076 1286 1165 (i.
1324 1098 1381 1142 e.
1438 1065 1551 1129 35⁸5
1583 1074 1624 1129 ἱ(
1668 1076 1804 1143 sine
1846 1087 1892 1143 t.
1937 1074 2037 1163 n.)
2081 1089 2389 1165 sequente
2434 1103 2543 1147 eo·

266 1194 450 1276 dem,
494 1193 677 1280 signa
722 1194 999 1281 quinque
1041 1190 1271 1258 horum
1311 1189 1853 1279 pronunciationis
1891 1211 2205 1276 generum
2235 1192 2322 1279 ¹).
2409 1194 2545 1261 Sed

266 1309 433 1375 haec
485 1305 1023 1396 pronunciationis
1085 1303 1423 1371 subtilioris
1481 1304 1754 1371 varietas
1798 1315 1863 1370 ct
1906 1302 2232 1391 diligentia
2255 1356 2274 1386 ‚
2342 1330 2542 1394 quan-

267 1445 461 1509 quam
516 1419 689 1487 haud
747 1420 1158 1487 fundamento
1214 1441 1473 1499 carens,
1537 1417 1603 1484 in
1646 1417 1770 1486 vita
1813 1417 2059 1504 vulgari
2107 1418 2279 1484 haud
2322 1422 2542 1488 obser-

267 1546 415 1602 vata
457 1527 714 1599 videtur'
748 1556 959 1621 neque
1018 1543 1115 1598 est
1173 1531 1307 1622 ejus
1364 1531 1500 1610 nisi
1537 1532 1602 1596 in
1655 1530 1933 1598 Koranis
1987 1542 2053 1600 ct
2094 1534 2543 1619 grammatico—

156 1663 165 1670 .
263 1716 411 1761 rum
451 1693 753 1783 operibus
792 1692 1098 1760 memoria
1143 1689 1331 1757 facta.
1418 1689 1524 1756 Cf.
1572 1645 1685 1794 Cf
1731 1687 1795 1781 §.
1836 1691 1978 1757 129.

434 1872 496 1938 3.
554 1870 854 1937 Labiales
910 1870 1075 1937 inter
1135 1859 1197 1923 ὁ
1254 1866 1427 1956 quod
1489 1866 1671 1956 Syris
1729 1868 2002 1936 crassius
2061 1870 2434 1961 plerumque
2486 1896 2540 1961 p
2582 1898 2654 1946 57

265 1996 487 2065 sonat,
543 1985 857 2051 Arabibus
912 2006 991 2049 ex
1037 1982 1344 2050 sermonis
1400 1982 1507 2070 qui
1551 1982 1788 2069 ubique
1835 1982 2044 2051 elucet
2090 1988 2429 2057 subtilioris
2479 1998 2544 2054 et

266 2099 600 2167 festivior-is
646 2098 906 2186 ingenio
951 2117 1203 2183 semper
1231 2093 1296 2182 f
1328 2092 1507 2161 audit
1539 2092 1634 2181 2).

436 2269 800 2336 Literarum
826 2298 871 2346 „9
888 2273 945 2337 (ἕ
991 2264 1157 2329 haec
1215 2273 1312 2329 est
1350 2272 1576 2329 natura
1591 2313 1609 2343 ‚
1668 2272 1741 2328 ut
1782 2284 2007 2327 sonum
2050 2252 2329 2331 habeant
2375 2265 2542 2332 inter
2582 2290 2657 2338 58

264 2381 551 2448 vocalem
595 2404 644 2445 u
685 2391 751 2449 et
792 2381 822 2445 z·
864 2388 933 2444 et
975 2387 1429 2443 consonantem
1472 2376 1909 2463 germanicam
1952 2374 2223 2462 rigidam
2263 2377 2542 2445 firmam-

267 2515 397 2583 que
438 2469 672 2559 factam
721 2515 788 2557 u>
837 2500 903 2556 et
922 2489 975 2579 j
1016 2488 1296 2582 medium
1349 2499 1414 2558 et
1462 2488 1643 2577 quasi
1690 2486 2027 2576 ancipitem
2043 2538 2061 2568 ‚
2134 2490 2242 2576 qui
2285 2512 2404 2578 pro
2447 2491 2543 2558 di-

266 2629 454 2673 verso
494 2607 631 2673 situ
688 2615 756 2672 et
798 2605 864 2671 iu
909 2602 1193 2669 vocalem
1237 2627 1285 2667 ιι
1330 2627 1386 2668 v.
1429 2602 1458 2667 z·
1506 2602 1798 2669 facillime
1842 2612 2124 2669 transeat
2170 2615 2235 2671 et
2275 2606 2542 2671 semivo-

270 2720 423 2787 calis
494 2742 723 2788 sonum
778 2717 1164 2785 stabiliorem
1227 2727 1463 2783 teneat.
1608 2715 1672 2783 E
1746 2737 1872 2803 qua
1944 2738 2246 2784 sonorum
2315 2718 2545 2786 horum

266 2834 709 2900 fluctuantium
727 2840 958 2898 natura
977 2853 1144 2921 quae
1166 2840 1531 2919 sequantur,
1559 2828 1723 2895 infra
1752 2825 1816 2918 ς.
1833 2831 1921 2895 98
1950 2852 2084 2917 sqq.
2113 2827 2543 2919 explicabitur.

437 3002 512 3071 In
560 3001 1053 3090 permutandis
1108 3001 1206 3068 his
1255 3002 1424 3068 sonis
1468 3001 1750 3065 Arabum
1795 2998 2014 3085 lingua
2054 3000 2250 3066 multo
2294 3012 2395 3069 est
2435 3025 2542 3069 ce·
2585 3028 2659 3078 59

270 3117 424 3183 teris
483 3114 780 3181 semiticis
837 3115 1093 3202 parcior
1150 3108 1215 3182 et
1269 3116 1532 3183 cautior.
1641 3115 1936 3201 Suntque
1977 3111 2082 3178 hic
2125 3111 2310 3201 plura
2355 3139 2547 3185 sonos

271 3227 502 3294 similes
550 3226 625 3314 ³)
667 3209 1073 3316 permutandi
1114 3250 1360 3315 genera
1403 3226 1895 3316 distinguenda:
1971 3224 2048 3313 1)
2095 3237 2242 3293 sunt
2282 3228 2346 3293 in
2395 3229 2547 3318 ipsis
2645 3303 2654 3312 ‚

270 3342 595 3409 radicibus
662 3341 802 3410 soni
867 3341 1191 3408 literarum
1250 3342 1478 3409 similes
1537 3344 1627 3412 ita
1667 3339 2041 3430 permutati,
2084 3351 2156 3409 ut
2199 3340 2367 3408 duae
2409 3343 2548 3431 plu—

266 3479 454 3523 resve
502 3455 756 3523 radices
816 3465 998 3522 ortae
1059 3456 1184 3523 sint
1216 3435 1337 3523 'sui
1375 3457 1538 3554 juris
1561 3497 1588 3537 ‚=
1650 3452 2126 3541 significationis
2173 3455 2549 3545 plerumque

270 3612 631 3681 discrimine
702 3613 982 3703 quodam
1047 3613 1397 3681 accedente
1418 3664 1436 3694 ‚
1530 3625 1604 3682 ut
1668 3572 1814 3696 ‘Eg
1863 3623 1930 3680 et
1994 3567 2165 3706 ἐξ
2216 3615 2548 3702 lap-savit,

381 3895 445 3965 1)
479 3912 528 3948 v.
565 3882 779 3947 Notices
815 3902 869 3947 et
901 3895 1052 3948 Extr.
1092 3896 1157 3948 T.
1187 3900 1239 3948 9.
1277 3915 1329 3965 p.
1349 3901 1420 3948 35
1430 3924 1465 3936 --·
1481 3899 1576 3960 40.
1607 3899 1679 3948 80
1697 3923 1722 3934 ·
1743 3897 1828 3947 84.
1901 3890 2127 3947 Proinde
2163 3892 2354 3961 positio
2384 3907 2550 3947 nuna-

484 3984 641 4036 tionis
673 3984 816 4036 varia
846 3992 961 4051 est,
997 3985 1062 4038 Τ.
1091 3990 1143 4037 8.
1183 4003 1233 4054 p.
1266 3989 1390 4038 310.

377 4141 445 4209 2)
481 4128 701 4194 hinc⁰
720 4139 965 4193 scribere
1010 4147 1268 4256 coguntur
1301 4140 1497 4193 Persae
1530 4139 1597 4193 ad
1625 4156 1669 4209 p
1706 4142 2107 4210 exprimendum.

378 4257 444 4326 3)
492 4257 561 4309 de
609 4272 828 4325 quorum
875 4256 1124 4309 classibus
1172 4274 1218 4311 v.
1269 4257 1429 4311 fusius
1480 4255 1673 4307 dictum
1725 4256 1777 4307 in
1832 4272 1911 4323 gr.
1963 4256 2104 4311 hebr.
2148 4275 2202 4329 p.
2243 4261 2313 4312 31
2351 4273 2461 4326 sqq.
2502 4262 2557 4310 et

487 4348 605 4399 min.
643 4349 692 4412 S.
720 4349 834 4400 24-
848 4351 935 4401 26.
1745 4365 1752 4372 “

1947 4443 1992 4509 3
