2984 4959
655 993 2015 1100 PRoLEG-OMENA.

334 1428 755 1592 ‘Arabum
811 1500 1031 1589 lingua
1085 1503 1511 1571 semiticarum
1555 1498 1835 1565 omnium
1878 1506 1946 1561 et
1990 1492 2287 1562 latissime
2328 1514 2477 1582 pro·
2519 1518 2547 1565 1

196 1640 446 1718 pagata
507 1637 574 1693 et
637 1621 979 1689 cultissima
1038 1601 1138 1691 est
1193 1621 1451 1709 suisque
1509 1619 1842 1687 virtutibus
1885 1617 2159 1683 maxime
2200 1616 2482 1704 insignis.

200 1742 376 1807 Nam
431 1739 562 1806 sive
616 1734 1137 1826 pronuntiationis
1179 1734 1522 1823 puritatem
1567 1745 1632 1801 et
1675 1733 2082 1800 subtilitatem
2099 1781 2118 1811 ‚
2177 1730 2308 1796 sive
2353 1732 2483 1796 sor-

204 1876 455 1920 marum
496 1853 826 1939 ingentem
867 1849 1229 1916 ubertatem
1273 1860 1339 1915 et
1382 1847 1635 1935 copiam
1677 1848 1844 1911 bene
1887 1845 2312 1932 distinctam„
2356 1847 2487 1913 sive

196 1968 541 2059 juncturae
600 1988 831 2031 vocum
873 1962 1363 2029 concinnitatem
1403 1960 1811 2050 perspicuam
1858 1970 1923 2026 et
1963 1960 2295 2048 pulchram
2339 1982 2486 2049 spe-

210 2092 380 2147 ctes:
453 2079 620 2145 nulla
666 2101 745 2144 ex
791 2077 1021 2144 ceteris
1064 2076 1384 2142 arabicam
1430 2073 1772 2142 dialectum
1816 2085 2067 2161 aequat·
2184 2075 2491 2164 'salisque

202 2177 290 2261 ’ex
318 2194 568 2281 origine
608 2193 831 2279 lingua
870 2188 1115 2275 ingenti
1148 2200 1480 2255 auctorum
1527 2197 1592 2253 et
1632 2187 2014 2275 scriptorum
2057 2187 2257 2255 omnis
2289 2210 2500 2275 gene-.

210 2308 300 2373 ris
321 2330 586 2372 numero
614 2307 782 2373 culta
801 2312 868 2369 et
887 2301 1170 2367 exercita
1184 2313 1302 2382 est,
1323 2313 1394 2369 ut
1407 2323 1524 2390 per
1540 2301 1705 2367 mille
1750 2301 1886 2366 fere
1930 2312 2127 2367 annos
2148 2302 2488 2390 puritatem

213 2443 400 2487 suam
443 2430 509 2486 et
548 2418 826 2485 indolem
852 2413 1246 2503 peculiarem
1273 2415 1593 2502 integram
1617 2412 1681 2478 in
1715 2414 1965 2505 scriptis
1999 2416 2404 2482 conservarit.

393 2529 528 2596 Sed
584 2532 748 2597 haec
813 2542 947 2598 tam
1000 2529 1332 2618 praeclara
1385 2526 1606 2615 lingua
1655 2527 1739 2618 ab·
1781 2550 1859 2592 eo
1905 2527 2162 2593 demum
2202 2539 2492 2616 tempore
2526 2556 2563 2602 2

221 2654 403 2712 extra
443 2645 723 2732 patriae,
766 2643 832 2708 in
874 2666 1000 2731 qua
1043 2643 1448 2723 effloruerat,
1504 2642 1665 2708 fines
1707 2651 2074 2731 propagata
2115 2641 2494 2730 scriptisque

219 2757 499 2846 plurimis
542 2756 865 2824 nobilitata
914 2767 1047 2835 est,
1104 2779 1232 2844 quo
1275 2754 1691 2822 Muhammad
1732 2758 1914 2844 genti
1957 2778 2113 2822 suae
2152 2756 2495 2824 indomitae

223 2883 288 2938 et
344 2872 714 2937 inaccessae
769 2881 906 2938 tum
964 2869 1202 2937 cultum
1264 2869 1370 2935 dei
1428 2869 1743 2935 veriorem
1784 2881 1920 2937 tum
1960 2869 2251 2936 vincendi
2292 2882 2495 2937 terra-

221 3005 362 3049 rum
417 2985 640 3047 orbem
697 3004 982 3071 suaeque
1024 2984 1317 3071 religioni
1374 2983 1751 3049 conciliandi
1818 2981 2117 3049 ardorem
2172 2983 2498 3071 inspiravit

204 3075 641 3174 'indelebilemq
720 3095 892 3161 Nam
937 3118 1299 3184 quanquam
1342 3097 1585 3162 Arabes
1615 3096 1754 3186 jam
1798 3107 1947 3163 ante
1978 3085 2558 3165 Muhammadum'ss

231 3203 517 3279 scribere
560 3209 850 3299 potuisse
891 3208 1040 3274 nihil
1086 3220 1183 3276 est
1226 3207 1401 3298 quod
1444 3209 1805 3277 dubitemus
1847 3208 1952 3298 ¹),
2004 3222 2217 3279 tamen
2257 3215 2501 3280 Arabes

228 3326 280 3392 si
322 3348 487 3413 quae
528 3326 916 3402 scriberent,
993 3333 1065 3389 ut
1109 3322 1408 3403 foedera‚
1468 3334 1869 3406 contractus,
1927 3348 2146 3393 versus
2190 3327 2501 3416 quosdam

232 3450 298 3505 et
336 3449 630 3528 poemata
676 3438 952 3515 minora,
998 3435 1115 3500 sibi
1158 3435 1304 3502 solis
1338 3436 1701 3508 scribebant
1732 3438 2011 3526 satisque
2045 3461 2213 3506 raro.
2269 3440 2504 3528 Neque

102 3571 105 3644 l
230 3554 293 3621 in
333 3562 527 3640 gente
566 3551 690 3617 hac
735 3549 989 3617 deserta
1035 3551 1285 3618 colente
1328 3551 1712 3638 antiquitatis
1749 3550 2004 3639 aliquod
2026 3567 2509 3622 monumentum

104 3653 107 3728 ἶ
237 3666 519 3731 omnibus
583 3688 836 3731 sacrum
895 3665 1134 3756 scripto
1183 3677 1502 3733 servatum
1548 3677 1687 3733 erat
1728 3666 2205 3754 lectitatumque
2226 3716 2245 3747 ‚
2301 3667 2389 3733 ita
2433 3678 2508 3734 ut

106 3733 115 3898 ἱ
239 3802 312 3843 ex
365 3779 757 3866 temporibus
824 3788 972 3844 ante
1038 3777 1564 3845 Muhammadum
1618 3781 1954 3847 transactis
2009 3802 2219 3868 pauca
2260 3790 2506 3848 tantum

110 3901 115 3988 Q
232 3890 466 3977 'scripta
523 3913 734 3979 neque
793 3890 1139 3957 admodum
1196 3894 1453 3982 antiqua
1509 3906 1757 3963 servata
1818 3897 1958 3964 sint.
2064 3894 2249 3967 Quae
2291 3905 2506 3960 autem

246 4015 495 4091 praeter
536 4005 821 4071 Arabum
863 4003 1096 4095 scripta
1133 4008 1515 4095 paucissima
1566 4012 1816 4077 exstant
1854 4006 2321 4093 antiquissimae
2364 4031 2505 4074 ara-

243 4115 417 4181 bicae
461 4114 711 4184 dialecti
767 4118 1043 4205 vestigia
1079 4118 1190 4204 ²),
1248 4144 1328 4191 ea
1371 4147 1732 4213 quanquam
1775 4124 2001 4191 decem
2042 4120 2183 4211 jam
2224 4134 2291 4189 et
2331 4122 2508 4211 quod

314 4329 371 4397 1)
400 4345 449 4382 v.
488 4332 836 4385 testimonium
870 4331 1184 4384 luculentum
1220 4335 1272 4386 in
1306 4336 1493 4422 Hareti
1529 4337 1708 4390 Moall.
1747 4356 1793 4391 v.
1818 4346 1905 4394 67.

315 4454 374 4524 2)
403 4461 460 4508 vt
490 4456 629 4509 Gen.
644 4421 737 4523 Ι10,
754 4462 826 4511 26
865 4434 1154 4544 ‘'Q‘’m‘yss
1190 4477 1308 4515 cnm
1341 4464 1560 4515 articulo
1581 4437 1816 4517 arabico.
1903 4543 1940 4606 1
