2984 4959
487 351 639 423 240
1114 337 1230 408 De
1280 340 1834 435 pronominibus
1882 341 2179 415 suffixis.

355 533 465 583 ³67
656 522 713 588 1.
772 520 923 610 Ipsa
977 520 1350 610 pronomina
1408 520 1541 587 hoc
1598 521 1662 587 in
1704 545 1869 591 nexu
1912 522 2223 591 Arabibus
2267 545 2394 590 non
2438 523 2603 592 aden
2650 526 2764 595 de-

481 634 631 703 trita
673 644 739 702 et
775 633 1110 702 decurtata
1149 644 1298 701 sunt
1346 655 1536 721 quam
1580 633 1810 701 ceteris
1855 633 2161 703 dialectis.
2262 638 2763 729 Manseruntque

481 747 697 838 plures
754 748 894 815 soni
951 747 1017 813 in
1069 746 1171 815 his
1216 746 1361 814 suffi·
1401 746 1759 816 intemerati
1812 745 2212 838 fideliterque
2266 772 2347 818 ex
2390 753 2765 841 antiquitate

482 842 745 943 servati,
792 861 900 950 qui
940 861 1006 927 in
1046 881 1228 948 pron.
1266 859 1574 948 separatis
1612 858 1914 949 paulatim
1953 862 2178 931 mutati
2213 872 2377 933 sunt.
2467 866 2545 953 1)
2580 889 2764 956 pron.

485 1048 714 1117 tertiae
759 1067 1092 1137 personae
1147 1043 1210 1109 in
1270 1046 1351 1141 pl.
1416 1045 1673 1135 integra
1733 1059 1984 1117 servata
2029 1061 2176 1116 sunt
2191 1074 2216 1130 ,-
2292 1072 2391 1139 sg.
2447 1075 2602 1120 msc.
2661 998 2763 1133 {A}

483 1247 546 1311 in
603 1187 640 1299 ἕ
696 1243 882 1323 abiit,
955 1239 1132 1331 quod
1195 1241 1258 1306 in
1317 1240 1518 1329 plebis
1576 1263 1692 1309 ore
1753 1243 1953 1311 vocali
2014 1246 2268 1336 ancipiti
2326 1246 2423 1312 vel
2479 1248 2655 1313 brevi
2698 1259 2764 1315 et

481 1378 930 1447 nonnunquam
994 1354 1131 1422 sine
1185 1354 1356 1420 omni
1409 1353 1609 1423 vocali
1661 1353 1734 1440 ι)
1795 1357 2084 1425 sonuisse
2121 1371 2351 1447 putes3
2402 1360 2467 1425 in
2506 1358 2759 1443 cultiori

482 1483 696 1541 autem
753 1480 1085 1560 poetarum
1143 1486 1437 1535 sermone
1488 1466 1566 1555 ²)
1632 1467 1867 1536 vocalis
1935 1468 2071 1563 ejus
2129 1473 2509 1561 saepissime
2562 1472 2761 1561 longa

480 1584 739 1666 mansit,
807 1604 1167 1671 quanquam
1229 1581 1484 1669 scriptio
1545 1580 1682 1648 sine
1736 1579 1914 1652 litera
1956 1583 2156 1652 vocali
2190 1612 2227 1661 9
2264 1596 2575 1673 perpetuo
2621 1609 2757 1652 ser-

478 1782 624 1840 vata
677 1779 815 1850 est3
873 1768 1020 1835 sem.
1063 1789 1164 1854 sg.
1206 1726 1267 1871 «ξ
1323 1729 1388 1834 in
1445 1726 1521 1820 [ὁ
1567 1769 1752 1849 abiit,
1813 1770 1961 1857 quia
2003 1771 2068 1836 in
2110 1771 2212 1837 illo
2255 1770 2473 1838 ultima
2514 1772 2758 1862 syllaba

479 1930 780 2000 altissime
820 1927 1239 2018 pronunciata
1282 1940 1412 2011 est,
1468 1941 1542 1997 ut
1581 1928 1705 1994 hid
1747 1928 1932 1996 facile
1969 1930 2034 1996 in
2075 1930 2170 1997 hd
2210 1934 2482 2000 transire
2526 1946 2755 2023 potue-

477 2048 577 2113 rit.
617 2083 704 2095 —
767 2045 850 2128 2)
890 2044 956 2110 in
1015 2064 1143 2109 sec.
1204 2062 1374 2131 pers.
1433 2042 1562 2108 hoc
1615 2064 1694 2110 ex
1759 2043 2191 2133 antiquissima
2246 2044 2465 2133 lingua
2505 2050 2755 2130 mansit,

477 2170 552 2228 ut
594 2181 715 2248 pro
762 2169 793 2223 t
830 2160 910 2241 ,ξ
935 2155 1420 2245 pronunciatum
1459 2155 1576 2236 sit,
1637 2154 1870 2225 suffixa
1915 2155 2097 2224 simul
2138 2181 2177 2226 a
2216 2180 2396 2248 pron.
2440 2163 2754 2251 separatis

476 2269 875 2360 distinguens
909 2269 1002 2356 3).
1037 2305 1124 2318 -
1180 2267 1261 2357 3)
1301 2269 1365 2334 in
1406 2289 1503 2356 pr.
1547 2288 1715 2356 pers.
1753 2290 1855 2356 sg.
1898 2269 2102 2338 solum
2140 2271 2171 2335 ί
2206 2271 2436 2340 mansit
2478 2295 2559 2340 ex
2587 2299 2714 2370 ’ἕως
2734 2331 2757 2369 ,
2840 2298 2849 2311 ω

474 2403 542 2469 in
582 2402 728 2470 suff.
769 2410 981 2470 autem
1022 2398 1200 2466 verbi
1240 2420 1355 2469 seu
1386 2397 1750 2475 accusativo
1766 2447 1786 2479 ‚
1830 2421 1977 2466 cum
2008 2399 2260 2467 omnino
2292 2403 2527 2470 suffixa
2556 2405 2754 2470 verbo
2828 2392 2855 2403 ⁶

476 2512 652 2582 haud
692 2511 859 2580 adeo
904 2521 1081 2580 arcte
1110 2512 1335 2601 juncta
1376 2512 1531 2591 sint,
1573 2511 1817 2600 plenius
1862 2512 1963 2605 tu?¹
1980 2525 2299 2601 servatum
2342 2527 2458 2583 est.
2544 2517 2754 2617 „Quae

476 2628 708 2696 suffixa
748 2627 844 2694 sic
884 2624 1122 2694 detrita
1158 2622 1372 2692 denuo
1414 2624 1699 2697 vocalem
1728 2625 2084 2733 proximam
2115 2651 2164 2692 a
2199 2626 2318 2694 sibi
2356 2639 2756 2719 postponere

476 2825 747 2907 possunt
826 2769 929 2918 ἐξ,
1005 2768 1059 2916 ΖΞ
1103 2804 1247 2901 ija'3
1289 2810 1480 2902 nija,
1523 2822 1798 2902 suntque
1843 2811 1970 2881 liae
2012 2813 2259 2881 formae
2299 2827 2753 2907 praeterquam

478 3019 654 3112 quod
699 3020 763 3086 in
808 3015 1287 3108 compellatione
1328 3013 1392 3106 §.
1417 3017 1548 3085 352
1591 3014 1715 3085 dici
1752 3017 1863 3106 (ut
1913 2962 2186 3123 [ἑῆἰὲἱὲ
2225 3019 2313 3083 oh
2340 3045 2532 3089 serve
2569 3025 2670 3088 mi
2684 3026 2754 3109 l)

477 3192 544 3248 et
584 3190 734 3248 ante
774 3178 969 3266 Vecla
1011 3142 1224 3245 locum
1267 3176 1509 3245 habere
1550 3189 1822 3269 possunt
1863 3154 1964 3269 (ξ.
1998 3176 2207 3267 136),
2252 3180 2460 3268 poetis
2501 3191 2751 3252 tantum

581 3520 646 3589 1)
683 3525 744 3571 ut
792 3517 930 3585 apud
980 3525 1165 3588 poetas
1212 3536 1310 3590 pro
1340 3463 1480 3612 ’ἕλξω
1515 3520 1570 3573 in
1603 3521 1808 3589 rythmo
1841 3521 1982 3577 finali
2015 3522 2138 3576 licet
2170 3521 2346 3580 dicere
2366 3470 2547 3617 ἒξ.
2639 3528 2753 3583 Sed

687 3614 837 3759 25⁶5:
870 3674 991 3727 Sur.
1028 3678 1082 3739 3,
1118 3678 1224 3729 14⁵
1257 3675 1421 3744 [simul
1459 3677 1529 3731 ob
1575 3677 1794 3732 formam
1827 3679 1969 3732 verbi
2005 3686 2203 3734 curtam
2240 3682 2290 3747 S.
2327 3684 2437 3737 210
2472 3685 2548 3738 sic
2582 3698 2750 3738 enun-

684 3817 889 3869 ciatum.

525 3932 528 3935 Ἴ
579 3957 645 4026 2)
685 3956 866 4010 eadem
916 3953 1110 4007 vocalis
1160 3950 1314 4021 hujus
1369 3952 1734 4023 producendae
1782 3955 1870 4009 lex
1905 3954 1960 4008 in
1994 3955 2190 4011 Korani
2228 3959 2452 4014 lectione
2489 3965 2656 4030 valet,
2694 3981 2746 4021 v.

688 4051 737 4113 5.
777 4050 880 4100 123
913 4047 968 4098 in
1002 4046 1120 4098 fine.

580 4190 646 4259 3)
683 4189 748 4241 cf.
784 4204 862 4256 gr.
900 4186 1045 4241 hebr.
1081 4189 1203 4243 min.
1238 4205 1291 4257 p.
1326 4188 1448 4241 141.
1537 4184 1598 4238 In
1644 4186 1917 4242 Armenica
1966 4203 2173 4256 quoque
2224 4190 2398 4257 lingua
2448 4193 2585 4249 idem
2618 4211 2745 4264 pro-

687 4294 874 4332 nomen
928 4295 1083 4332 sonos
1134 4289 1189 4338 t,
1242 4278 1365 4341 tbz,
1414 4277 1448 4330 k
1489 4285 1696 4345 mutat3
1771 4280 1836 4334 cf.
1872 4300 1927 4335 ν.
1965 4278 2266 4337 Humboldt
2315 4285 2368 4335 in
2403 4282 2656 4338 Abhaudl.
2694 4287 2745 4339 d.

691 4370 831 4425 Berl.
868 4370 1029 4424 Acad.
1071 4372 1210 4424 1823
1247 4387 1295 4439 p.
1334 4373 1441 4424 410
1471 4376 1580 4423 not.
