2984 4959
401 370 492 419 VI
1337 347 1724 419 Praefatio.

598 532 948 608 Volumen
995 532 1288 605 alterum
1332 531 1524 630 quod
1562 532 1961 630 propediem
1996 532 2430 631 proditurum
2470 559 2673 634 spero

399 661 892 760 complectetur
942 662 1265 762 syntaxin
1282 712 1306 756 ‚
1382 672 1757 734 metrorum
1799 661 2184 735 doctrinam
2198 713 2228 757 ,ψ
2279 675 2348 736 et
2393 665 2670 763 linguae

398 791 705 891 vulgaris
775 817 937 866 cum
1000 790 1292 865 classica
1356 804 1787 889 comparatae
1850 794 2243 891 imaginem.
2365 794 2479 866 De
2526 822 2700 884 me-¹

394 922 523 993 tris
585 920 883 996 arabicis
916 957 921 962 ·
957 932 1115 1020 post
1163 921 1576 1019 opusculum
1619 919 1849 1030 meum
1892 932 2049 993 ante
2095 921 2224 994 hos
2277 949 2402 996 sex
2452 949 2670 997 annos

396 1050 756 1152 vulgatum
814 1050 1029 1124 edidit
1089 1050 1368 1148 quidem
1431 1052 1826 1149 nuperrime
1888 1049 2145 1122 librum
2205 1053 2510 1152 amplum
2571 1055 2662 1126 cl.

395 1179 832 1280 Freytag,
878 1180 1030 1253 ‘sed
1087 1182 1182 1251 ita
1231 1190 1310 1251 ut
1356 1181 1459 1252 rei
1497 1179 1951 1276 ¹fundamenta
2008 1206 2255 1278 parum
2304 1209 2462 1254 eum
2511 1210 2667 1282 per-

397 1311 704 1407 spexisse
753 1311 1026 1409 meique
1077 1309 1399 1407 opusculi
1448 1308 1659 1382 finem
1709 1336 1849 1382 non
1899 1321 2287 1383 assecutum
2316 1338 2464 1384 esse
2502 1316 2667 1386 satis

393 1449 647 1536 pateat.
766 1440 927 1539 Ego
970 1441 1043 1509 in
1086 1465 1163 1511 re
1213 1437 1480 1509 summa
1530 1437 1706 1511 nihil
1759 1439 2166 1513 mutandum
2184 1491 2208 1533 ‚
2259 1443 2334 1513 in
2377 1443 2667 1543 sing-ulis

395 1567 732 1665 quaedam
783 1567 1209 1641 emendanda
1260 1567 1519 1658 inveni.

599 1828 960 1902 Volumini
1010 1829 1175 1900 huic
1226 1826 1494 1926 adjecta
1544 1839 1649 1900 est
1698 1826 1932 1900 tabula
1999 1831 2379 1926 scripturae
2441 1829 2664 1901 arabi-

393 1984 516 2031 cae
592 1957 1039 2056 explicandae
1108 1957 1516 2049 utilissima,
1604 1955 1706 2028 ab.
1757 1959 2176 2029 amicissimo
2246 1959 2352 2030 H.
2422 1960 2502 2031 Η
2521 1984 2660 2057 up-

392 2087 582 2161 feld
642 2086 1182 2187 Marburgensi‚
1268 2088 1425 2159 viro
1494 2088 1877 2186 scripturae
1942 2112 2159 2186 aeque
2227 2113 2311 2160 ac
2380 2089 2657 2189 linguae
2727 2133 2730 2136 Δ

393 2220 740 2291 semiticae
789 2219 1202 2317 gnarissimo
1223 2267 1247 2309 ,
1319 2219 1756 2290 concinnata.

595 2473 952 2584 Scriptum
1003 2486 1376 2587 Gottingae
1425 2498 1717 2560 exeunte
1767 2512 1950 2561 anno
2003 2484 2241 2561 1850.
