2984 4959
1146 336 1690 433 Prolegomena.
2175 367 2179 371 *
2513 358 2564 436 9

286 520 524 609 phetae
561 520 820 609 propria
860 520 1247 601 habebatur,
1303 520 1663 609 scripturae
1700 544 1829 589 non
1872 525 2025 591 satis
2067 534 2259 592 notae
2300 526 2564 594 ratione.

289 635 565 702 Certum
618 657 770 701 vero
831 634 988 715 hoc,
1053 632 1220 699 hanc
1273 635 1512 728 Anbari
1553 648 1621 705 et
1659 638 1866 705 Hirae
1904 637 2279 726 scripturam
2296 689 2315 719 ,
2384 641 2564 730 cujus

288 771 487 818 unum
543 749 916 838 praesertim
930 799 950 828 ‚
1021 749 1132 837 qui
1188 770 1273 814 ea
1323 745 1721 818 conformata
1765 751 2161 835 inclaruerit,
2236 765 2566 821 auctorem

288 864 615 930 Moramer
654 863 1056 929 ben-Morta
1098 864 1337 929 Anbari
1377 864 1648 931 incolam
1691 865 1905 935 ferunt
1951 864 2057 954 ¹),
2111 878 2381 935 matrem
2423 891 2569 934 esse

287 957 646 1066 scripturae
700 978 982 1044 Arabum
1036 976 1439 1060 islamiticae‚
1512 980 1791 1045 omnium
1845 981 2319 1048 recentissimae
2340 1033 2362 1064 .,
2417 1005 2569 1049 mox

285 1114 511 1160 omnes
557 1114 879 1160 armorum
933 1093 992 1159 vi
1058 1091 1405 1159 deleturae.
1517 1093 1736 1167 Quare
1779 1093 1842 1159 si·
1891 1116 1971 1159 ex
2034 1095 2163 1160 filia
2221 1117 2566 1183 argumen-

285 1217 426 1274 tum
496 1206 645 1273 duci
712 1218 926 1295 potest
981 1219 1227 1276 certum
1243 1258 1263 1289 .‚
1329 1205 1620 1298 syriacae
1675 1207 1922 1295 potius,
1984 1208 2087 1272 cui
2146 1220 2215 1276 et
2251 1221 2569 1276 terrarum

289 1320 419 1388 situ
480 1322 768 1409 proxima
822 1321 975 1402 fuit,
1039 1323 1404 1411 scripturae.
1450 1331 1770 1407 cognatae
1829 1319 2085 1388 suerunt
2124 1323 2407 1388 Arabum
2449 1324 2568 1388 ho-

287 1439 435 1501 rum
478 1446 625 1502 ante
659 1434 1181 1502 Muhammadum
1220 1435 1477 1515 literae,
1519 1434 1834 1500 incertum
1876 1455 2003 1522 quo
2044 1445 2333 1524 tempore
2374 1460 2414 1502 a
2444 1439 2568 1527 Sy-

291 1570 508 1614 rorum
549 1548 739 1617 literis
783 1559 1192 1636 segregatae.
1276 1548 1448 1613 Nam
1493 1547 1926 1635 antiquissima
1966 1548 2246 1614 Arabum
2289 1550 2569 1616 islamiti-

297 1685 521 1729 corum
563 1663 882 1750 scriptura
923 1663 1246 1752 syriacae,
1312 1658 1513 1748 qualis
1556 1659 1771 1747 primis
1813 1683 1879 1747 p.
1924 1661 2046 1727 Ch.
2090 1662 2322 1729 seculis
2360 1663 2572 1744 fuerit,

295 1776 459 1842 adeo
507 1787 641 1844 toto
680 1775 746 1841 in
787 1775 1009 1842 habitu
1056 1774 1268 1858 similis
1314 1784 1414 1839 est
1429 1823 1447 1853 ‚
1504 1783 1577 1839 ut
1617 1795 1921 1861 magnam
1963 1774 2159 1858 fuisse
2200 1777 2367 1843 hanc
2407 1778 2571 1844 inter

294 1900 364 1956 et
401 1873 718 1957 hirensem
756 1886 1288 1955 necessitudinem
1331 1897 1511 1954 certo
1554 1886 1705 1953 inde
1744 1886 2093 1972 concludas
2136 1889 2230 1975 2).

457 2041 555 2124 Ab
619 2059 715 2128 his
769 2058 1146 2126 Hirensibus
1190 2056 1547 2145 scripturae
1588 2081 1777 2126 usum
1816 2058 1992 2126 haud
2038 2059 2128 2127 ita
2167 2060 2377 2128 multis
2421 2033 2580 2154 ante·

291 2152 814 2242 Muhammadum
880 2185 1108 2240 natum
1154 2173 1329 2239 annis
1386 2170 1470 2238 ad
1512 2172 1748 2238 tribum
1787 2172 2109 2241 Koraisch
2151 2198 2295 2241 esse
2336 2199 2569 2265 propa-

292 2294 524 2370 gatum
581 2308 785 2375 eaque
838 2287 1176 2353 Koranum
1236 2287 1574 2376 scriptum,
1630 2295 1939 2360 constans
1997 2298 2096 2355 est
2169 2312 2381 2378 neque
2436 2315 2569 2357 am-

294 2397 492 2485 bigua
552 2393 1007 2490 Moslemorum
1052 2381 1346 2481 traditio,
1434 2399 1519 2464 de
1590 2424 1716 2487 qua
1772 2400 1948 2489 quod
2009 2401 2367 2471 dubitemus
2422 2406 2570 2471 nihil

296 2522 412 2578 est.
512 2511 681 2578 Nam
742 2515 943 2581 tribus
1000 2513 1305 2580 nomades
1361 2512 1557 2578 multo
1600 2513 1800 2580 serius
1845 2515 2202 2605 scripturae
2242 2540 2427 2583 usum
2469 2543 2569 2584 se-

294 2635 607 2713 quuntur3
666 2637 858 2715 atque
916 2628 1053 2715 ipse
1096 2625 1512 2692 Muhammad
1567 2625 1831 2693 idiotam
1878 2626 1951 2714 ³)
2013 2654 2086 2696 se
2126 2632 2290 2698 inter
2335 2632 2569 2699 idiotas

292 2750 511 2807 natum
569 2742 819 2828 saepius
889 2739 1069 2821 dicit,
1135 2742 1241 2827 qui
1300 2764 1445 2806 sero
1500 2739 1756 2808 demum
1795 2740 1880 2809 ad
1927 2742 2197 2810 divinam
2241 2747 2570 2813 revelatio-

291 2873 440 2917 nem
501 2852 695 2920 literis
764 2853 1190 2922 mandandam
1247 2854 1555 2942 scriptum
1605 2854 1831 2941 legere
1892 2856 2218 2945 inceperit.
2350 2861 2567 2935 Qualis

294 2965 505 3052 opinio
563 2976 628 3033 et
687 2966 941 3035 traditio
1002 2966 1324 3055 quomodo
1381 2968 1533 3032 oriri
1588 2969 1873 3055 potuerit
1928 2970 2043 3035 nisi
2090 2995 2169 3037 ex
2215 2975 2570 3061 scripturae

289 3099 516 3145 recens
589 3078 655 3144 in
724 3081 957 3147 tribum
1031 3081 1373 3147 nomadem
1425 3080 1710 3169 perlatae
1768 3086 2077 3151 memoria
2137 3073 2312 3152 haud
2371 3088 2569 3153 ambi-

291 3213 481 3279 gua„
516 3216 704 3259 nemo
749 3198 1125 3285 assequitur.

385 3458 467 3525 1)
502 3460 774 3513 memoires
808 3479 858 3529 p.
895 3463 1003 3511 299
1041 3477 1150 3528 sqq.
1189 3467 1243 3514 et
1278 3465 1421 3518 aliaS.
1494 3464 1712 3518 Notices
1748 3474 1802 3519 et
1841 3466 1994 3520 Extr.
2034 3465 2097 3519 T.
2125 3472 2176 3519 8.
2217 3486 2267 3536 p.
2299 3471 2422 3521 340.

372 3556 439 3624 2)
493 3574 589 3611 ex
626 3561 829 3629 persica
898 3562 1047 3611 simul
1119 3564 1374 3630 scriptura
1450 3560 1586 3615 haud
1650 3581 1815 3632 pauca
1868 3567 2077 3618 fluxisse
2126 3568 2362 3633 opinatur
2415 3569 2566 3637 Kop-

503 3648 618 3715 pius
666 3648 731 3699 T.
774 3652 825 3699 2.
884 3669 934 3718 p.
960 3656 1068 3704 304
1104 3656 1446 3720 argumentis,
1483 3664 1728 3722 quantum
1763 3656 2209 3725 video,infirm1s
2242 3658 2397 3708 nisus·
2470 3660 2564 3710 Li-

503 3740 667 3786 teram
714 3753 867 3802 quam
933 3756 1002 3792 ex
1065 3745 1263 3808 syriaca
1317 3746 1570 3813 scriptura
1633 3749 1843 3815 antiqua
1888 3749 2143 3801 hebraeae
2190 3747 2420 3800 similiori
2472 3750 2564 3801 de-

518 3821 526 3838 *
2062 3831 2093 3862 ³
2174 3833 2247 3861 2

503 3873 672 3928 rivare
708 3890 963 3945 nequeaS,
1019 3849 1209 3934 nullam
1248 3883 1465 3937 invenio.
1551 3881 1798 3937 ceterum
1840 3900 2029 3939 nomeu
2056 3875 2234 3986 ‘also
2270 3886 2358 3937 vix
2394 3890 2566 3940 arabi-

503 4060 597 4097 cae
634 4050 715 4098 est
749 3957 985 4113 ditidbsn
1045 4051 1248 4105 videtur
1284 4059 1336 4106 et
1384 4056 1553 4123 ipsum
1588 4057 1843 4122 syriacum
1877 4013 2001 4132 ..gol
2025 4017 2147 4129 4⁹2
2192 4059 2368 4110 Mor-
2382 4060 2568 4119 Amer-

503 4149 795 4219 christiani,
844 4160 903 4207 ut
946 4155 1176 4223 videtur,
1229 4160 1513 4214 sacerdotis
1552 4161 1691 4215 docti
1726 4178 1928 4216 nomen.

508 4248 713 4297 233³.

375 4318 439 4387 3)
490 4309 613 4426 ml
665 4320 810 4427 §.⁵33-

2614 2077 2682 2126 16
