2984 4959
342 413 349 418 -
412 387 558 459 130
837 367 977 459 'De
1029 394 1290 466 genere
1338 381 1410 440 et
1460 393 1769 440 numero
1823 370 2223 438 nominum.

406 550 867 624 multitudinem
930 553 1331 641 grammatici
1385 576 1424 619 e
1491 552 1626 619 sola
1682 553 1941 619 externa
1997 550 2201 615 forma
2246 556 2311 614 ct
2354 545 2684 635 disposue-

408 681 555 750 runt
616 658 693 735 et*
738 667 1245 755 descripserunt,
1311 666 1507 734 multa
1565 687 1639 730 re
1694 665 1829 752 ipsa
1887 663 2088 729 vicina
2151 673 2215 729 et
2268 664 2393 727 una
2438 686 2515 728 ex
2559 662 2684 728 ori-

409 783 563 870 gine
621 779 925 847 derIvata·
960 791 1203 848 temere
1262 779 1658 858 divellente3‚
1719 777 1805 843 de
1865 778 2143 843 omnium
2201 776 2453 864 origine
2515 787 2579 843 et
2624 778 2684 842 vi

410 895 564 963 nihil
606 893 767 962 certi
803 873 1284 984 praecipientes.
1410 894 1556 959 Nec
1610 903 1821 959 tamen
1878 903 2120 959 temere
2183 913 2446 980 prorsus
2503 891 2683 988 ipsae

408 1009 533 1076 hac
591 1009 836 1074 formae
894 1017 1080 1074 natae
1123 1018 1270 1075 sunt
1311 1007 1634 1096 multaque
1681 1029 1847 1094 quae
1889 1006 2143 1093 longius
2189 1004 2426 1070 distare
2467 1003 2683 1069 viden—

408 1134 513 1190 tur
576 1121 674 1188 vel
733 1119 1024 1208 dispersa
1085 1133 1152 1188 et
1211 1120 1458 1188 diversa
1528 1121 1697 1185 facta
1752 1130 1931 1200 sunt,
2015 1121 2130 1185 sua
2184 1142 2265 1183 ex
2323 1117 2570 1206 origine
2618 1128 2684 1185 et

408 1258 578 1302 nexu
623 1233 1025 1327 considerata
1071 1232 1407 1300 dilucidius
1450 1233 1666 1324 nitent.

277 1385 385 1466 303
573 1408 696 1476 Est
756 1417 969 1474 autem
1031 1404 1338 1472 collectivi
1390 1404 1687 1472 formatio
1730 1405 2029 1493 princeps
2073 1415 2138 1473 et
2167 1405 2446 1472 :maxime
2484 1405 2680 1493 insig-

409 1523 506 1589 nis
551 1532 870 1608 acutaque
911 1520 1097 1600 haec,
1140 1531 1214 1588 ut
1256 1519 1438 1607 stirpi
1480 1522 1519 1585 a
1559 1518 1993 1605 longissimum
2022 1519 2353 1601 inseratur,
2397 1521 2523 1607 qua
2546 1520 2683 1607 ipsa

407 1635 580 1701 vocis
637 1633 989 1708 intensione
1037 1634 1433 1722 nominisque
1477 1631 1845 1701 diductione
1888 1632 2121 1720 copiae
2162 1644 2464 1700 extensae
2506 1633 2680 1700 notio

406 1747 664 1824 auribus
705 1746 892 1820 veluti
933 1750 1316 1833 praebetur3
1359 1757 1703 1835 potestque
1745 1744 1927 1812 simul
1973 1754 2039 1811 et
2081 1759 2118 1810 ἅ
2159 1747 2241 1811 ab
2284 1746 2457 1813 initio
2490 1769 2679 1833 prae-

405 1858 659 1940 ludere,
739 1845 835 1924 vel
889 1856 1164 1945 denique
1220 1857 1421 1923 solum
1462 1859 1755 1946 praefigi.
1869 1858 2116 1946 Estque
2161 1859 2324 1926 haec
2366 1860 2597 1928 vocalis
2641 1863 2678 1927 a

407 1986 555 2062 post
597 1970 965 2038 secundam*
993 1970 1202 2059 stirpis
1245 1970 1489 2037 literam
1532 1972 1791 2040 insertio
1836 1983 1973 2041 tum
2021 1973 2084 2038 in
2125 1973 2422 2061 stirpibus
2460 1973 2679 2041 trilite-

405 2086 493 2152 ris
529 2083 1072 2173 frequentissima,
1112 2094 1250 2151 tum
1278 2084 1342 2149 in
1373 2085 1645 2173 plurium
1685 2086 2167 2153 consonantium
2209 2086 2501 2175 stirpibus
2546 2086 2679 2153 sola

404 2199 671 2279 usitata,
717 2209 790 2265 ut
825 2183 1056 2265 nullam
1087 2199 1349 2265 omnino
1373 2198 1642 2265 formam
1670 2185 1853 2268 latius
1874 2205 2152 2286 regnare
2172 2200 2385 2268 videas
2411 2200 2497 2289 ¹).
2544 2201 2679 2268 Sed

404 2312 468 2377 in
508 2311 1222 2379 trium‘consonantium
1273 2313 1612 2399 stirpibus,
1678 2335 1844 2400 quae
1887 2323 1952 2379 et
1991 2315 2378 2400 potissimam
2419 2314 2677 2403 linguae

402 2437 652 2516 partem
717 2426 1002 2493 efficiunt
1042 2437 1108 2494 et
1162 2425 1572 2492 variationem
1616 2425 1925 2491 vocalium
1967 2448 2046 2490 ac
2089 2426 2434 2492 formarum
2482 2429 2677 2494 maxi-

401 2562 570 2614 mam
629 2551 695 2607 et
752 2538 1106 2605 facillimam
1161 2537 1430 2619 habent,
1508 2537 1694 2626 juxta
1751 2538 1918 2604 hanc
1966 2537 2178 2626 plures
2227 2553 2679 2630 succreverunt

403 2652 708 2735 collectivi
746 2652 1174 2719 formationes.
1262 2652 1432 2717 Nam
1473 2652 1745 2741 primum
1784 2652 1986 2718 vocali
2020 2653 2122 2719 isti
2158 2651 2392 2741 longae
2430 2633 2480 2721 a*
2517 2656 2675 2722 aliae

400 2764 697 2834 substitui
755 2777 1142 2853 coeperunt3
1210 2788 1460 2853 usuque
1520 2766 1586 2832 in
1646 2765 1743 2833 his
1787 2766 2044 2833 invaluit
2084 2789 2339 2855 quoque
2379 2769 2674 2858 simplicis

401 2902 447 2944 a
512 2878 688 2967 stirpi
743 2878 1075 2968 praemissi
1134 2878 1428 2946 formatio
1486 2878 1684 2946 levior
1745 2879 2033 2970 aliaeque
2094 2880 2397 2949 collectivi
2454 2906 2574 2972 per
2628 2907 2674 2946 a

400 2990 715 3080 formandi
755 2993 1031 3060 rationes
1072 2993 1356 3061 leviores.
1455 2991 1710 3059 Deinde
1752 3016 1901 3066 cum
1942 2994 2156 3082 plures
2200 2995 2522 3062 nominum
2561 2997 2672 3063 tri·-

398 3102 719 3171 literarum
804 3106 1036 3195 stirpes
1103 3106 1303 3174 vocali
1384 3119 1497 3175 aut
1563 3108 1928 3197 praeposita
1997 3119 2107 3175 aut
2167 3097 2362 3198 longa
2437 3107 2672 3178 inserta
2693 3125 2710 3150 ²

314 3305 318 3309 Δ
401 3215 736 3285 distinctae
791 3221 942 3302 sint,
1008 3222 1102 3296 sic
1148 3245 1265 3287 eae
1307 3222 1778 3289 collectivorum
1822 3221 2092 3287 formam
2132 3221 2474 3293 induerunt
2517 3225 2670 3291 facia

318 3315 325 3318 ’
398 3330 521 3396 lem
575 3345 641 3398 et
698 3335 1051 3416 concisam,
1120 3346 1191 3403 ut
1232 3335 1761 3424 pronunciatione
1808 3334 2117 3401 vocalium
2157 3335 2373 3403 leviori
2414 3337 2530 3406 sed
2575 3336 2668 3406 di*

399 3444 624 3534 stincta
666 3456 732 3513 et
770 3451 955 3515 acuta
996 3447 1080 3515 ad
1118 3449 1284 3516 solas
1327 3448 1639 3516 radicales
1681 3459 2081 3516 revocentur.
2180 3451 2457 3539 Ipsaque
2498 3450 2666 3517 radi·⁴
2743 3485 2748 3490 ·

328 3608 335 3616 .
399 3565 545 3660 cum
602 3558 900 3628 debilium
946 3574 1172 3630 natura
1218 3563 1429 3652 plures
1475 3563 1692 3646 enasci
1737 3563 1894 3630 facit
1936 3561 2172 3631 formas
2215 3564 2491 3633 diversas
2535 3568 2665 3654 cuij-

398 3695 521 3760 que
556 3696 777 3740 eorum
818 3679 1041 3762 generi
1081 3688 1283 3767 aptas.
1549 3653 1554 3662 x
1662 3657 1669 3662 ⁹

266 3860 373 3910 304
562 3846 811 3915 Omnes
877 3845 1072 3937 porro
1130 3847 1601 3918 collectivomm
1664 3850 1912 3917 formae
1969 3841 2315 3915 abstracti
2350 3844 2669 3918 notionem

397 3969 648 4040 tenent,
693 3972 768 4027 ut
809 3964 1061 4029 omnino
1105 3965 1410 4032 abstracti
1439 3976 1509 4033 et
1551 3964 1854 4031 collectivi
1898 3964 2186 4031 notiones
2229 3974 2376 4031 sunt
2417 3978 2665 4034 contera
2749 4033 2754 4038 .

395 4070 600 4135 minae
645 4069 747 4159 (§.
773 4071 958 4160 323).
1060 4074 1289 4167 Itaque
1327 4076 1662 4162 feminini
1701 4097 1921 4143 omnes
1957 4088 2106 4145 sunt
2144 4075 2368 4145 sensus
2409 4089 2476 4146 et
2515 4102 2663 4146 con-

492 4324 553 4393 1)
598 4321 737 4378 idem
788 4339 858 4382 ex
907 4312 1194 4399 aethiopica
1231 4335 1407 4402 lingua
1442 4332 1632 4391 collata
1671 4345 1816 4407 patet
1835 4373 1851 4404 ,
1905 4332 1957 4391 in
1997 4342 2098 4409 qua
2134 4335 2392 4392 collectivi
2426 4303 2661 4391 formatio

593 4418 874 4486 simplicior
910 4424 1108 4476 mansit.
