2984 4959
1213 364 1583 440 Addenda.
1653 394 1662 401 ·
2113 370 2119 383 '
2380 387 2531 460 331

277 568 639 638 Dolendum
681 574 959 642 tantum,
1015 552 1190 647 quod
1230 555 1396 622 haec
1436 555 1502 619 in
1546 553 1809 642 singulis
1852 575 1978 619 non
2017 551 2537 626 demonstraverit

275 687 372 751 vir
412 681 939 769 diligentissimus.
2181 660 2186 665 ’

436 823 521 887 P.-
555 822 656 887 12.
715 830 844 885 not.
887 819 943 883 l.
1071 813 1170 881 Ad
1200 813 1393 880 'haec
1449 809 1688 897 scripta
1740 828 1945 895 nuper
2002 810 2284 876 accessit
2333 808 2391 874 J.
2451 810 2534 876 O.

271 933 482 1000 Lind
502 936 741 1023 berg:
808 953 920 999 sur
977 930 1280 1020 quelques
1333 923 1652 994 medailles
1697 923 1981 1010 cufiques
2026 919 2183 989 dans
2224 922 2316 989 les
2359 925 2531 989 cabi-

272 1059 381 1115 net
422 1048 512 1114 du
552 1048 649 1113 roi
692 1045 775 1111 de
814 1044 1253 1123 Danemarck‚
1320 1052 1385 1107 et
1439 1061 1549 1105 sur
1603 1036 1904 1125 quelques
1949 1038 2323 1104 manuscrits
2373 1039 2530 1103 cufi-

266 1185 447 1251 queS.
530 1161 701 1226 Avec
743 1159 875 1226 XII
915 1158 1235 1253 [1131161163.
1318 1150 1801 1242 (copenhague
1839 1148 2027 1214 1830.
2090 1149 2193 1215 cf.
2238 1151 2528 1240 Giitting.
2617 1242 2618 1245 Ἴ

274 1275 418 1341 Gel.
461 1276 614 1341 Anz.
658 1273 844 1339 1830.
890 1297 948 1362 p.
981 1272 1147 1339 1742
1191 1267 1382 1357 sqq.).
1482 1265 1681 1330 Liber
1722 1265 1804 1328 ob
1851 1260 2136 1350 exempla
2177 1263 2529 1351 scripturae

274 1389 530 1455 cuficae
594 1396 659 1453 et
711 1384 975 1475 plurima
1030 1395 1097 1450 et
1137 1379 1611 1470 diligentissime
1654 1399 1958 1464 expressa
2004 1377 2110 1465 qui
2161 1378 2529 1464 inspiciatur
2551 1446 2580 1463 .„

270 1499 698 1588 dignissimus.
780 1498 1009 1564 Placet
1061 1496 1167 1561 hic
1210 1492 1525 1582 quaedam
1566 1491 1976 1580 supplementi
2019 1489 2162 1558 loco
2205 1503 2526 1559 annotare.

271 1613 350 1701 1)
393 1611 457 1703 §.
490 1614 618 1679 20-
635 1612 759 1678 22.
831 1612 1074 1677 Lineae
1128 1609 1449 1675 literarum
1513 1595 1876 1671 ‘diacriticae
1940 1627 2104 1691 quae
2162 1607 2228 1670 in
2283 1606 2529 1693 vulgari

266 1720 582 1816 scriptura
623 1727 687 1790 in
729 1736 962 1812 puncta
1006 1723 1250 1801 abiere,
1312 1722 1375 1786 in
1422 1719 1639 1785 cuficis
1686 1717 1816 1783 aliis
1859 1739 2118 1805 prorsus
2161 1717 2423 1796 desunt,
2461 1721 2528 1786 in

265 1840 402 1907 aliis
444 1840 681 1913 rarius,
738 1838 804 1902 in
845 1833 1148 1902 nonnullis
1196 1855 1448 1921 semper
1489 1818 1791 1920 aspersae
1828 1839 2006 1911 sunt,
2056 1830 2232 1897 sed
2212 1855 2276 1897 1n
2318 1833 2524 1901 multis

268 1977 310 2019 a
349 1952 572 2021 scribis
633 1914 972 2020 serioribus
1016 1960 1083 2016 et
1138 1945 1353 2012 colore
1410 1946 1696 2024 diverso,
1762 1954 1835 2010 ut
1878 1942 2056 2011 viridi
2100 1955 2165 2012 et
2207 1958 2348 2014 atro
2391 1948 2524 2036 pal—

264 2062 436 2149 lido,
417 2089 434 2106 ·
523 2076 589 2133 et
660 2084 692 2143 ξ
735 2064 814 2128 in
873 2060 1265 2150 paucissimis
1319 2058 1497 2124 lineis
1562 2057 1809 2122 duabus
1873 2068 2159 2123 notatum
2201 2070 2315 2126 est.
2418 2061 2523 2128 Cf.

264 2178 605 2265 Lindberg
648 2200 710 2264 p.
743 2177 875 2241 56-
897 2177 1001 2240 66.
1059 2211 1145 2222 —
1239 2171 1319 2258 2)
1364 2169 1449 2236 3(1
1492 2195 1554 2258 p.
1585 2170 1688 2236 48.
1728 2169 1767 2234 1.
1808 2170 1935 2235 12-
1955 2170 2050 2236 15.
2113 2173 2324 2241 -Haec
2367 2177 2523 2243 scri-

264 2294 426 2358 bens
484 2289 569 2356 de
631 2288 848 2355 cuficis
905 2288 1184 2376 Sacyum
1241 2307 1340 2373 gr.
1380 2283 1430 2350 Ι.
1475 2307 1539 2371 p.
1571 2285 1656 2349 52
1712 2282 1892 2347 nimis
1953 2281 2225 2352 fidenter
2266 2301 2523 2356 secutus

264 2427 426 2471 sum.
509 2403 678 2469 Nam
719 2402 881 2469 ratio
924 2400 1172 2469 diversa
1214 2408 1329 2465 est.
1413 2397 1667 2463 Hamza
1719 2372 1998 2484 simplice
2038 2411 2277 2486 puncto
2320 2403 2524 2468 vocali

265 2527 522 2584 notatur
578 2515 824 2582 diverse
889 2537 1008 2603 pro
1075 2514 1322 2580 ratione
1383 2509 1916 2599 pronunciationis
1985 2509 2229 2579 diversa
2288 2515 2521 2603 posito,

260 2654 390 2697 uon
446 2640 658 2697 autem
714 2629 888 2696 rubri
938 2627 1201 2706 coloris,
1264 2627 1373 2714 qui
1415 2635 1514 2692 est
1554 2623 1832 2711 vulgaris
1853 2672 1871 2705 ‚
1938 2623 2053 2690 sed
2096 2627 2350 2693 viridis
2371 2676 2392 2704 ,
2456 2631 2523 2695 in

263 2743 644 2834 quibusdam
688 2742 833 2809 cdd.
862 2741 1054 2830 flavi
1067 2766 1092 2820 3
1154 2750 1227 2806 ut
1266 2739 1490 2804 hamza
1533 2735 1698 2803 adeo
1735 2736 1948 2802 colore
1984 2748 2226 2806 tantum
2272 2740 2521 2817 diverso

260 2860 583 2946 signetur3
646 2858 728 2923 cf.
772 2855 1111 2941 Lindberg
1150 2877 1212 2941 p.
1242 2855 1345 2920 56.
1388 2852 1492 2919 64.
1607 2852 1778 2918 Hinc
1820 2849 2150 2920 dilucidius
2206 2855 2272 2920 in
2329 2857 2520 2926 codd.

259 2971 603 3038 serioribus
645 2993 760 3038 seu
797 2965 1090 3036 africanis
1135 2966 1284 3032 huic
1324 2977 1563 3054 puncto
1603 2964 1770 3031 aliud
1799 2965 2051 3053 signum
2087 2978 2269 3035 sueto
2303 2971 2516 3039 colore

262 3084 545 3150 vocalem
601 3084 861 3171 signans
920 3081 1271 3171 apponitur.
1376 3058 1571 3154 Q'uod
1613 3089 1820 3145 autem
1849 3079 2038 3170 ‚Sacy
2081 3080 2163 3147 de
2203 3082 2364 3150 111163
2398 3086 2514 3152 110-

133 3279 138 3284 ,
257 3196 543 3263 rizontali
612 3196 792 3261 viridi
866 3206 930 3263 et
998 3204 1236 3283 puncto
1300 3193 1558 3281 insuper
1615 3194 1778 3258 flavo
1822 3191 2052 3273 tradit,
2112 3218 2239 3282 quo
2280 3198 2515 3277 nitatur

257 3311 509 3390 nesci03
580 3331 863 3375 errorem
920 3310 1185 3376 subesse
1248 3317 1424 3395 puto.
1529 3307 1698 3371 Nam
1754 3316 1965 3392 potest
2024 3307 2279 3395 quidem
2346 3327 2363 3392 ς
2429 3317 2536 3381 ab·

253 3424 436 3491 initio
481 3425 649 3490 vocis
691 3423 1049 3490 hamzatum
1089 3419 1313 3487 eadem
1357 3422 1483 3508 qua
1506 3420 1698 3506 Vecla
1720 3418 1882 3485 linea
1922 3420 2289 3491 horizontali
2323 3449 2510 3513 prae-

252 3537 460 3626 posita
520 3535 758 3616 notari,
820 3538 1022 3624 eaque
1063 3533 1296 3603 vocalis
1338 3533 1556 3621 puncti
1600 3533 1786 3598 situm
1841 3533 2153 3603 diversum
2193 3539 2508 3619 imitante:

238 3649 369 3717 «sed
420 3649 547 3716 hoc
608 3651 662 3715 si
715 3651 817 3731 fit,
887 3671 1113 3716 sonum
1169 3648 1435 3714 hamzae
1490 3647 1627 3711 fere
1668 3646 1877 3732 veclae
1916 3647 2113 3716 instar
2153 3651 2510 3721 elidendum

250 3785 395 3828 esse
439 3762 639 3828 lector
678 3775 973 3831 monetur
1012 3762 1134 3852 (cf.
1177 3759 1463 3853 §.114st
1506 3762 1600 3828 sic
1640 3761 1804 3826 enim
1844 3762 2243 3852 praecipiunt
2285 3765 2507 3837 docto-

247 3971 353 4017 res
397 3948 655 4037 quidam
696 3950 1040 4031 Koranici‚
1096 3961 1169 4017 ut
1211 3974 1264 4016 v.
1309 3972 1364 4015 c.
1400 3937 1503 4041 fol
1569 3955 1659 4025 ὰ·
1715 3950 1970 4038 legatur
2020 3975 2503 4023 met-namara

251 4062 371 4149 (cf.
425 4063 576 4130 Not.
632 4075 698 4131 et
747 4066 929 4133 Extr.
973 4065 1055 4131 Τ.
1089 4066 1150 4131 8.
1207 4089 1269 4153 p.
1313 4061 1498 4147 323).
1602 4064 1775 4129 Hinc
1840 4063 1907 4128 in
1964 4058 2182 4126 culicis
2240 4061 2505 4128 nonnul-

244 4176 319 4243 lis
374 4176 655 4262 (Lindb.
724 4201 784 4246 n.
826 4179 977 4266 IX)
1036 4190 1053 4256 ς
1097 4177 1258 4244 linea
1299 4177 1423 4243 bac
1462 4188 1528 4242 et
1575 4187 1813 4263 puncto
1853 4176 2047 4243 vocali
2091 4175 2385 4243 caeruleo
2424 4178 2505 4243 si-

248 4289 379 4356 mul
443 4302 735 4372 notatur,
839 4300 911 4357 ut
980 4289 1203 4356 lectori
1273 4291 1447 4376 optio
1521 4289 1726 4354 detur.
1797 4324 1881 4336 —-
2016 4290 2119 4353 Ex
2175 4286 2272 4354 his
2344 4310 2502 4374 pau-

243 4403 371 4471 lum
451 4405 755 4472 mutanda
828 4416 977 4485 sunt
1047 4426 1213 4492 quae
1281 4424 1341 4491 p.
1400 4401 1503 4468 ⁷3.
1571 4401 1605 4467 l.
1657 4401 1742 4466 21
1810 4398 1893 4465 (16
1952 4400 2142 4489 Veclfl
2200 4399 2346 4469 dixi.
2418 4436 2505 4450 --·
