2984 4959
389 876 425 924 3

387 1409 393 1415 ¹
465 1426 619 1494 dum
662 1426 890 1494 seculis
935 1425 1032 1493 vel
1073 1449 1150 1492 ea
1194 1448 1321 1513 qua
1362 1426 1643 1492 hebraea
1679 1427 1897 1495 floruit
1938 1438 2184 1511 aetate,
2242 1454 2601 1521 quanquam
2645 1435 2739 1499 in-
2860 1429 2864 1433 ’

466 348 511 416 2
1342 339 1885 433 Prolegomena.

468 518 748 587 excurrit
805 528 955 587 ante
1011 518 1167 587 Chr.
1209 518 1437 589 seculis
1487 518 1827 589 dialectum
1872 522 2195 591 arabicam
2236 526 2388 594 satis
2433 550 2475 594 a
2516 529 2766 600 ceteris

467 630 830 699 distinctam
893 631 1092 698 fuisse
1160 634 1470 721 probant,
1560 632 1754 701 indoli
1822 645 2038 703 tamen
2090 636 2350 728 linguae
2405 645 2745 735 antiquiori

468 743 966 833 cognoscendae
1008 744 1181 812 haud
1225 746 1567 814 sufficiunt.

639 859 851 947 Igitur
916 882 1063 927 cum
1118 881 1284 948 quae
1346 869 1596 926 exstant
1655 860 1936 927 Arabum
1993 864 2233 953 scripta
2281 867 2743 956 antiquissima,

465 973 664 1061 quinti
728 972 988 1040 demum
1061 972 1260 1041 seculi
1315 973 1443 1039 fine
1498 972 1596 1039 vel
1658 975 1817 1040 sexti
1874 975 2048 1044 initio
2104 990 2247 1047 orta
2303 981 2461 1061 sint,
2540 1005 2746 1072 eaque

462 1086 726 1175 linguae
768 1085 1001 1153 eodem
1034 1087 1171 1177 jam
1225 1085 1397 1153 cultu
1440 1098 1508 1153 et
1547 1086 1766 1153 habitu
1807 1086 2028 1155 induta
2071 1091 2178 1178 qui
2227 1093 2429 1162 serius
2480 1093 2741 1163 mansit:

465 1199 599 1267 fata
664 1210 731 1267 et
783 1210 992 1267 ortum
1055 1199 1316 1288 linguae
1376 1198 1562 1290 hujus
1622 1223 1740 1270 nos
1802 1223 1931 1267 non
1990 1204 2158 1269 bene
2210 1209 2509 1295 persequi
2549 1231 2743 1296 posse

462 1323 657 1403 patet.
767 1315 953 1391 Quae
1013 1312 1204 1381 suerit
1261 1313 1521 1401 linguae
1579 1312 1773 1380 facies
1819 1314 2103 1401 pluribus
2156 1329 2305 1384 ante
2341 1319 2740 1388 Muhamma·

385 1621 393 1628 ⁹
458 1540 816 1628 telligendis
873 1552 940 1609 et
996 1537 1383 1629 explicandis
1449 1540 1711 1628 linguae
1781 1540 2034 1630 legibus
2103 1543 2270 1611 scitu
2324 1545 2738 1627 utilissimum,

367 3586 404 3636 4

458 1655 773 1723 historicis
811 1665 1026 1724 tamen
1067 1652 1305 1734 doceri,
1329 1653 1550 1741 nequit
1588 1656 2027 1722 monumentis.
2069 1657 2153 1724 At
2181 1654 2300 1742 ipsi
2331 1657 2530 1744 qualis
2568 1681 2740 1725 nunc

459 1779 715 1836 servata
778 1779 878 1836 est
930 1758 1191 1855 linguae
1244 1766 1354 1853 (ut
1416 1766 1740 1832 observari
1794 1778 2009 1855 potest
2058 1768 2124 1833 in
2174 1770 2392 1855 quavis
2435 1769 2625 1858 alia),
2685 1772 2739 1838 si

459 1881 712 1968 singula
766 1881 903 1973 ejus
966 1890 1287 1947 momenta
1343 1878 1555 1945 omnia
1620 1880 1787 1944 bene
1842 1878 2277 1968 ponderantur
2334 1893 2525 1970 atque
2578 1884 2737 1950 anti-

459 1995 788 2084 quioribus
863 1992 1147 2062 dialectis
1221 2004 1673 2081 comparantur
1691 2042 1710 2073 ‚
1789 1991 2022 2058 indicia
2081 1992 2325 2059 formae
2369 1996 2737 2084 antiquioris

455 2108 609 2176 satis
679 2106 878 2175 multa
953 2118 1020 2174 et
1085 2107 1308 2194 gravia
1367 2106 1597 2174 insunt.
1742 2106 1804 2190 E
1878 2107 2106 2195 quibus
2191 2106 2319 2174 hoc
2391 2110 2737 2200 praecipue

455 2222 781 2311 sequitur,
863 2221 1062 2288 fuisse
1138 2218 1286 2285 olim
1363 2219 1662 2285 arabicae
1726 2217 1998 2287 dialecto
2056 2203 2326 2289 formam
2392 2223 2732 2305 hebraeae,

453 2359 646 2424 quam
702 2357 873 2402 nunc
931 2345 1060 2415 est,
1125 2332 1519 2412 similiorem,
1595 2332 2040 2422 simpliciorem
2107 2334 2350 2402 scilicet
2405 2347 2470 2402 et
2529 2334 2734 2405 minus

452 2449 787 2517 excultam.
898 2449 1070 2517 Nam
1111 2446 1456 2535 singularia
1498 2446 1731 2529 multa,
1801 2470 1969 2535 quae
2017 2447 2084 2513 in
2131 2448 2299 2516 culta
2337 2448 2461 2517 hac
2514 2450 2733 2539 lingua

451 2559 776 2652 paullatim
816 2563 1135 2630 intereant
1174 2570 1399 2649 utpote
1447 2559 1707 2647 ingenio
1757 2560 1892 2649 ejus
1937 2558 2110 2626 haud
2156 2563 2422 2650 amplius
2465 2586 2732 2631 consen-

450 2688 643 2744 tanea
690 2686 756 2742 et
805 2675 1179 2764 perspicua,
1244 2672 1539 2759 reliquias
1601 2694 1744 2739 esse
1794 2671 2200 2740 vcredendum
2266 2685 2365 2742 est
2420 2676 2730 2765 antiquio-

449 2791 537 2856 ris
580 2765 844 2876 linguae
883 2788 1130 2854 formae
1165 2784 1488 2851 hebraeae
1531 2785 1858 2853 similioris.
1944 2785 2045 2853 Ita
2085 2786 2498 2874 gutturalium
2539 2789 2630 2856 vis
2665 2800 2732 2857 et

448 2901 829 2968 mutationes
893 2922 1051 2988 quas
1110 2898 1395 2966 efficiunt
1449 2898 1666 2965 variae
1727 2898 1792 2963 in
1861 2899 2120 2967 arabica
2186 2898 2457 2968 dialecto
2520 2924 2730 2989 pauca
2839 2947 2857 2960 .

449 3017 689 3083 habent
737 3014 1046 3102 vestigia;
1096 3013 1237 3080 toni
1276 3010 1617 3100 aliquando
1661 3011 2136 3102 formarumque
2193 3014 2274 3079 ab
2321 3037 2399 3079 eo
2441 3014 2727 3102 penden-
2847 3031 2850 3036 '

448 3130 607 3195 tium
648 3128 963 3194 rationem
1006 3128 1326 3194 hebraeae
1366 3126 1628 3213 linguae
1649 3125 2008 3193 similiorem
2044 3126 2241 3193 fuisse
2275 3138 2486 3214 patet3
2531 3150 2613 3193 ne
2639 3128 2726 3200 de

449 3253 585 3310 tota
628 3265 859 3330 vocum
917 3241 1123 3307 forma
1182 3235 1249 3308 et
1299 3239 1607 3330 junctura
1667 3239 1773 3305 hic
1830 3238 2040 3306 dicam
2094 3240 2452 3307 hebraismo
2509 3243 2574 3308 in
2626 3243 2724 3323 iis,

448 3337 616 3444 quae
676 3353 1077 3421 fundamenti
1135 3353 1283 3420 loco
1340 3352 1629 3443 putanda
1672 3363 1850 3432 sunt,
1923 3376 2003 3418 eo
2056 3376 2262 3441 usque
2306 3355 2608 3445 simillima
2649 3368 2725 3442 ut

445 3492 613 3558 quae
655 3468 971 3535 arabismo
1011 3468 1357 3557 peculiaria
1402 3478 1549 3536 sunt
1592 3466 1794 3533 serius
1830 3467 2181 3533 accessisse
2220 3478 2458 3556 pateat.

615 3582 720 3650 Ex
774 3582 899 3649 hac
960 3593 1176 3649 autem
1234 3582 1441 3648 forma
1478 3581 1735 3667 linguae
1797 3578 2156 3667 antiquiore
2222 3592 2289 3648 et
2345 3565 2724 3669 simpliciore

431 3695 822 3776 arabismus,
890 3697 1092 3784 qualis
1149 3721 1190 3763 a
1244 3707 1426 3764 sexto
1479 3693 1633 3761 inde
1691 3692 1909 3759 seculo
1955 3693 2075 3758 sibi
2118 3704 2402 3776 constat,
2478 3693 2563 3761 ad
2603 3694 2721 3762 mi-

428 3831 567 3875 ram
612 3809 932 3898 quandam
974 3810 1268 3900 loquelae
1311 3808 1803 3877 concinnitatem
1836 3816 1906 3874 et
1936 3805 2475 3895 pulchritudinem
2515 3830 2721 3876 emer-

441 3923 537 3990 sit.
639 3923 740 3990 Ad
798 3925 975 4013 quod
1041 3926 1370 4014 fastigium
1416 3921 1676 4013 quando
1736 3932 1805 3989 et
1861 3922 1972 3987 ubi
2023 3920 2417 4010 potissimum
2461 3932 2719 3990 evectus

441 4037 554 4117 sit,
618 4060 788 4104 nunc
850 4038 1111 4127 quidem
1152 4063 1233 4106 ex
1289 4036 1551 4105 historia
1608 4032 1857 4100 definiri
1900 4035 2159 4123 nequit;
2215 4043 2463 4101 tantum
2502 4044 2718 4103 tamen

426 4150 716 4217 ‘omnium
778 4150 1142 4239 linguarum
1198 4150 1394 4219 docet
1452 4159 1684 4217 natura
1740 4158 1837 4246 et„
1865 4147 2159 4228 historia,
2228 4147 2551 4235 paullatim
2600 4147 2717 4214 lin-

434 4287 634 4352 guam
693 4267 1075 4337 necessitate
1133 4266 1410 4357 quadam
1470 4275 1772 4343 naturae,
1865 4285 1995 4328 non
2050 4263 2318 4329 hominis
2384 4261 2716 4354 cujusdam

432 4378 822 4461 inventione,
890 4378 1207 4450 excultam
1252 4403 1411 4448 esse.
1516 4376 1685 4445 Nam
1740 4372 2035 4466 linguae,
2099 4375 2218 4443 nisi
2273 4376 2540 4445 violenta
2583 4376 2716 4444 fata
