2984 4959
987 367 1102 437 De
1151 365 1721 463 pronominibus.
2258 336 2263 345 '
2337 379 2490 451 333

222 551 522 625 deretur,
574 548 1078 618 demonstrativis
1121 571 1239 618 usa
1273 561 1372 618 est
1410 550 1561 617 huic
1601 550 1743 618 usui
1788 548 1974 646 facile
2012 548 2277 617 idoneis.
2364 550 2493 615 Ex-

227 666 405 733 clusa
446 675 693 733 tantum
735 675 883 732 sunt
929 663 1424 732 demonstrativa
1467 664 1721 732 exculta
1763 686 2027 752 prorsus
2075 675 2140 732 et
2201 663 2496 730 distincta

225 810 360 907 '5⁴3
397 862 466 919 et
503 807 655 955 «ἐξ»,
672 808 887 934 (gl-3³)
922 872 1248 939 nunquam
1287 851 1529 919 relativi
1568 851 1840 920 notionis
1898 862 1964 919 et
2016 849 2342 941 positionis
2386 873 2496 917 ca-

223 1059 428 1149 pacia.
531 1057 667 1126 Sed
722 1016 786 1112 if>
840 1069 986 1148 post
1040 1056 1561 1144 interrogativum
1607 1080 2056 1146 nonnunquam
2100 1056 2193 1124 sic
2236 1056 2498 1124 demon-

2237 1188 2271 1218 0
2288 1201 2314 1218 0

228 1248 468 1319 strativi
510 1218 694 1314 simul
736 1269 816 1313 ac
857 1246 1100 1333 relativi
1136 1257 1352 1337 partes
1396 1245 1664 1347 suscipit
1683 1297 1702 1329 ,
1772 1257 1845 1314 ut
1884 1201 2071 1341 ἕρ
2110 1201 2178 1299 {g
2212 1250 2305 1322 ὁ·
2346 1245 2502 1334 quis¹

229 1439 292 1503 is
351 1435 526 1527 (est)
584 1434 706 1524 qui
766 1445 833 1500 te
885 1435 1290 1521 percussit?
1345 1433 1529 1501 Voce
1575 1432 1752 1500 simili
1784 1426 1867 1511 ,ὃ
1907 1431 2147 1499 Arabes
2190 1429 2499 1519 quosdam

226 1534 486 1637 relativo
538 1588 734 1635 sensu
776 1565 887 1652 (ut
920 1562 1024 1650 Ἢ)
1064 1563 1158 1631 uti
1172 1611 1192 1642 ‚
1233 1564 1481 1632 Kamus
1526 1575 1814 1633 testatur.
1896 1561 2132 1629 Eidem
2168 1563 2313 1630 usui
2347 1562 2499 1631 arti-

231 1756 410 1824 culus
472 1776 727 1843 quoque
774 1694 835 1817 Ξῖ
889 1751 1146 1818 inservit
1199 1751 1403 1840 poetis
1447 1749 1718 1816 maxime
1778 1751 1888 1837 (nt
1934 1692 2195 1828 232,ss
2249 1691 2506 1846 ἐξὲξ-ἦ

234 1871 437 1959 cujus
468 1865 823 1952 judicium
855 1863 1095 1951 placet
1138 1857 1352 1931 G'erir
1390 1864 1456 1929 in
1501 1865 1649 1931 Sac.
1680 1863 1849 1930 anth.
1886 1886 1950 1952 p.
1978 1864 2128 1945 456,
2174 1861 2329 1950 15),
2375 1886 2504 1952 quo

234 1983 320 2050 de
361 1980 620 2048 uberius
663 1977 942 2070 syntaxis
977 1987 1152 2064 aget.
1241 1976 1378 2046 sed
1409 1977 1670 2045 relativo
1706 1976 2057 2045 distinctius
2095 1977 2505 2066 exprimendo

235 2179 380 2237 orta
434 2176 533 2234 est
596 2185 721 2229 vox
758 2144 1130 2248 'composita
1173 2118 1339 2264 §.5⁴:³55
1400 2164 1890 2254 frequentissimi
1943 2186 2095 2231 usus
2141 2175 2210 2232 et
2249 2166 2508 2254 propria

236 2348 498 2418 prorsus
540 2320 781 2389 relativi
822 2319 1078 2387 notioni.
1165 2322 1541 2413 Composita
1584 2347 1664 2391 ea
1708 2347 1789 2392 ex
1833 2317 1933 2427 ἐξ
1954 2366 1976 2401 ,
2045 2344 2213 2412 quae
2259 2322 2511 2391 diversa

241 2517 344 2575 est
400 2525 518 2593 pro
549 2473 625 2583 ιπ,
665 2497 1107 2589 pronunciatio
1168 2496 1269 2590 (§.
1301 2501 1512 2589 453),
1570 2489 1613 2598 ζ)
1683 2514 1750 2571 et
1808 2503 1950 2592 ipso
2013 2502 2508 2569 demonstrativo

239 2631 307 2689 et
366 2612 633 2684 articulo
689 2636 807 2702 per
869 2637 943 2681 se
1003 2613 1565 2684 demonstrativum
1629 2628 1729 2685 est
1785 2616 1868 2683 ad
1920 2639 2151 2683 nomen
2210 2616 2382 2683 aliud
2436 2640 2511 2684 se

236 2733 524 2801 referens
545 2780 565 2814 ‚
610 2727 782 2819 quod
824 2727 888 2792 in
930 2725 1169 2795 relativi
1206 2731 1532 2798 notionem
1574 2742 1885 2821 perpetuo
1920 2730 2140 2820 lingua
2172 2730 2510 2798 transtulit.

310 2978 317 2993 ‘
411 2953 567 3019 Hoc
609 2958 823 3016 autem
864 2946 1125 3016 relativo
1163 2972 1243 3017 ex
1283 2950 1545 3040 linguae
1579 2942 1796 3019 indole
1835 2951 2143 3040 primitiva
2183 2951 2511 3041 proprium
2531 2973 2640 3024 459

241 3076 373 3147 est,
433 3074 506 3130 ut
562 3060 985 3140 enunciationi
1039 3062 1335 3132 relativae
1392 3065 1529 3131 sine
1573 3087 1806 3144 nexus,
1866 3088 1993 3153 quo
2037 3065 2186 3132 huic
2218 3065 2512 3156 junctum

237 3180 354 3262 sit,
393 3176 678 3244 interiori
716 3187 1184 3264 praeponatur,
1243 3179 1718 3268 conjunctioni
1760 3179 2016 3246 similius
2056 3201 2248 3267 quam
2290 3189 2511 3245 nostro

238 3292 597 3385 pronomini
637 3288 924 3357 relativo.
992 3289 1087 3377 (v.
1128 3289 1472 3380 syntaxin).
1558 3290 1752 3357 Unde
1797 3292 2124 3359 relativum
2167 3292 2303 3358 sine
2343 3292 2514 3359 omni

243 3407 502 3498 generis
544 3402 919 3490 numerique
949 3401 1313 3470 discrimine
1358 3406 1869 3497 enunciationem
1901 3404 2098 3473 ordiri
2141 3416 2206 3472 et
2241 3406 2306 3470 in
2345 3407 2512 3474 anti-

239 3521 542 3613 quissima
586 3517 834 3585 solebat
870 3516 1088 3605 lingua
1129 3529 1198 3585 et
1236 3541 1407 3586 nunc
1450 3520 1612 3588 solet
1650 3521 1714 3587 in
1750 3520 1994 3608 vulgari
2040 3528 2105 3584 et
2143 3518 2378 3585 inculta
2420 3519 2512 3606 ¹).

243 3640 327 3706 At
369 3635 538 3704 culta
581 3633 801 3719 lingua
842 3642 908 3698 et
963 3631 1068 3699 hic
1107 3632 1366 3718 generis
1412 3634 1787 3723 numerique
1829 3633 2169 3702 discrimen
2209 3630 2328 3697 levi
2372 3631 2512 3699 ulti-

245 3844 392 3893 mae
432 3820 709 3911 syllabae
753 3819 1096 3888 variatione
1135 3822 1399 3892 induxit.
1484 3784 1590 3888 Ex
1633 3779 1803 3927 (ξῆῙῖ
1837 3826 2177 3921 formatum
2223 3831 2322 3889 est
2363 3820 2512 3887 fem.
2549 3862 2552 3866 -

370 4109 433 4178 1)
468 4108 566 4164 boc
600 4110 667 4164 de
703 4100 860 4189 §Stil
899 4118 1080 4164 notant
1139 4112 1273 4166 inter
1328 4117 1457 4170 alios
1506 4117 1773 4169 Hamaker
1808 4116 1876 4168 ad
1909 4113 2047 4183 Exp.
2083 4112 2312 4183 Memph.
2349 4131 2401 4181 p.
2428 4116 2515 4165 80.

476 4220 704 4274 Habicht
756 4241 837 4292 ep.
887 4223 1028 4276 arab.
1086 4242 1138 4292 p.
1180 4228 1254 4275 38
1310 4232 1415 4278 not.
1506 4226 1708 4279 Eodem
1761 4226 1915 4279 modo
1955 4223 2040 4309 ὃὸ
2093 4229 2310 4279 relativo
2363 4241 2521 4277 sensu

478 4309 673 4363 dictum
725 4314 962 4365 flexionis
1010 4330 1125 4367 esse
1173 4313 1309 4367 haud
1368 4332 1535 4383 capax
1582 4316 1734 4370 Kam.
1768 4316 2006 4369 affirmat.
2110 4317 2212 4368 Alii
2247 4315 2521 4368 flexionem

480 4400 529 4452 ei
565 4400 690 4454 dant
723 4404 773 4466 §-
804 4406 910 4456 456
955 4402 1279 4471 descriptam.
2537 4406 2542 4413 ⁸
