2984 4959
416 375 506 424 lv
928 379 931 382 ’
1359 354 1744 460 Praefatio,

415 562 625 637 guam
695 540 925 610 minus
988 548 1298 612 tenentes
1369 563 1624 638 magno
1674 564 1749 611 sc
1797 531 2076 639 linguae
2126 538 2443 613 arabicae
2488 541 2682 614 intel-

415 668 733 768 ligendae
807 667 1117 741 subsidio
1183 667 1459 741 destitui
1525 670 1712 766 passi
1771 680 1979 764 sunt3
2060 696 2222 741 nam
2273 695 2362 741 ex
2405 671 2692 770 antiqua
2743 737 2748 742 .

414 796 693 898 linguae
742 797 921 890 facie
939 848 963 892 ‚
1018 778 1198 896 quae
1237 800 1335 871 in·¹
1363 796 1708 871 arabismo
1758 799 2010 871 multas
2058 797 2272 871 subiit
2320 808 2390 871 et
2439 826 2692 899 graves

415 930 826 1002 mutationes
848 979 872 1020 ‚
958 926 1135 1000 bene
1199 927 1567 1026 perspecta
1634 930 1860 1002 omnis
1924 921 2181 1027 pendet
2243 927 2525 1029 linguae
2582 956 2691 1002 se-

415 1057 617 1132 rioris
666 1055 1035 1155 descriptio
1078 1055 1411 1154 prudens.
1521 1059 1846 1156 Denique
1893 1060 2383 1157 grammaticae
2418 1057 2691 1158 lingua-

413 1213 572 1259 rum
646 1189 1167 1287 peregrinarum
1230 1211 1510 1286 quoque
1575 1186 1851 1258 arabica
1868 1237 1892 1281 ‚
1966 1212 2145 1286 quae
2195 1197 2299 1260 est
2342 1190 2693 1262 semiticae

419 1318 652 1415 stirpis
721 1328 792 1389 et
857 1316 1191 1390 ditissima
1254 1327 1461 1416 atque
1526 1316 1905 1389 cultissima
1970 1326 2039 1389 et
2087 1318 2442 1389 notissima
2484 1328 2693 1417 atque

417 1456 559 1519 toto
623 1446 888 1519 ambitu
945 1473 1074 1519 suo
1133 1448 1417 1546 cognitu
1472 1444 1802 1518 facillima
1822 1496 1845 1539 ‚
1915 1445 2281 1545 diligenter
2347 1445 2693 1552 dchipta
2759 1465 2760 1468 ’

415 1578 670 1673 optime
737 1577 1005 1656 consu‘li
1072 1604 1275 1675 posse
1332 1587 1523 1648 ratus
1573 1601 1779 1670 sum3
1857 1601 2021 1646 nam
2089 1601 2173 1648 eo
2229 1575 2507 1647 tandem
2561 1603 2691 1649 nos

411 1717 865 1804 perventuros
914 1733 1064 1779 esse
1107 1717 1278 1803 puto
1294 1756 1318 1800 ‚
1389 1717 1470 1778 ut
1520 1707 1594 1776 in
1645 1702 1884 1802 lingua
1936 1703 2234 1801 quadam
2277 1704 2688 1801 explicanda

411 1858 554 1909 non
605 1827 1055 1906 dialectorum
1116 1845 1384 1912 tantum
1444 1860 1572 1906 seu
1618 1832 2014 1930 linguarum
2064 1830 2123 1930 ej
2131 1832 2372 1904 usdem
2423 1835 2681 1931 stirpiS‚

412 1961 539 2035 sed
589 1974 977 2036 exterarum
1028 1990 1306 2064 quoque
1350 1963 1464 2036 vel
1508 1964 1740 2033 minus
1794 1960 2135 2033 cultarum
2179 1937 2521 2034 'rationem
2562 1961 2687 2033 ha-

410 2092 709 2164 bendam
776 2119 926 2166 esse
990 2092 1347 2166 videamus
1376 2142 1400 2186 ‚
1498 2117 1677 2190 quae
1743 2091 1892 2163 sola
1955 2101 2059 2163 est
2126 2093 2303 2163 ratio
2378 2118 2515 2190 qua
2581 2092 2686 2164 di-

412 2224 730 2295 stinctius
789 2232 859 2295 et
927 2224 1178 2296 certius
1240 2221 1556 2321 singulae
1622 2194 1974 2320 cujusque·
2007 2219 2286 2320 linguae
2331 2223 2687 2321 ingenium

411 2363 741 2451 ortusque
795 2343 1280 2452 cognoscatur.

613 2610 713 2688 Et
760 2611 1051 2684 feliciter
1097 2610 1396 2710 quidem·
1425 2606 1742 2681 arabicae
1791 2607 2071 2708 linguae
2118 2609 2457 2707 contigit,
2514 2620 2594 2681 ut
2642 2635 2686 2681 a

411 2744 877 2841 grammaticis
944 2740 1287 2840 indigenis
1351 2749 1420 2812 et
1487 2738 1725 2811 multis
1787 2748 1857 2811 et
1925 2738 2339 2810 doctissimis
2411 2763 2450 2810 e
2522 2739 2683 2813 vivo

408 2897 629 2970 paene
693 2897 814 2943 ore
877 2867 1405 2943 describeretur.
1468 2873 1473 2877 ’
1542 2868 1648 2939 Hi
1712 2878 1942 2940 tamen
2015 2868 2445 2966 grammatici
2493 2862 2683 2938 Ara-

412 3000 539 3072 bes
561 3051 585 3092 ‚
637 3009 793 3072 utut
835 2999 1180 3071 utilissimi
1230 2996 1433 3069 nobis
1483 2994 1680 3099 (sunt
1728 2999 1913 3068 enim
1958 2994 2265 3068 thesauri
2300 2995 2684 3069 formarum

411 3132 759 3229 totiusque
822 3128 1245 3226 antiquitatis
1291 3128 1516 3224 promi
1563 3122 1848 3228 condi),
1928 3150 2054 3197 cur
2096 3124 2297 3201 nobis
2344 3153 2486 3199 non
2537 3126 2686 3198 suf-

411 3260 745 3354 ficiam,
724 3287 800 3332 m
848 3283 1058 3357 opere
1101 3255 1238 3328 hoc
1283 3254 1358 3355 §-
1391 3252 1502 3325 27
1542 3282 1653 3354 sq.
1713 3268 1781 3329 et
1805 3247 1879 3327 in
1904 3272 2197 3329 recensu
2249 3236 2686 3354 anthologiae
2751 3333 2756 3340 ,

412 3391 899 3492 grammaticae
958 3413 1000 3460 a
1057 3387 1146 3459 de
1195 3387 1430 3486 Sacyo
1480 3381 1702 3459 editae
1744 3381 1815 3485 ¹)
1866 3387 2179 3483 exposui.
2227 3489 2232 3494 ι
2316 3380 2685 3457 Gramma-

411 3522 533 3594 tici
583 3528 811 3591 autem
827 3567 852 3612 ,
924 3519 1047 3616 qui
1093 3515 1457 3615 hucusque
1507 3517 1955 3617 exstiterunt,
2032 3517 2354 3613 europaei
2396 3516 2687 3615 vestigia

352 3663 357 3668 ’
413 3677 653 3725 eorum
710 3658 831 3721 aut
883 3649 1089 3720 nimis
1159 3648 1361 3720 anxie
1427 3656 1867 3745 presserunt,
1941 3655 2063 3718 aut
2133 3647 2196 3717 si
2255 3641 2535 3742 quando
2594 3641 2683 3715 ab

362 3776 499 3862 “niis
570 3778 1011 3870 recederent,
1085 3775 1176 3848 ad
1240 3778 1539 3850 rationes
1600 3803 1800 3849 veras
1857 3775 1931 3847 id
1990 3800 2158 3848 vero
2216 3784 2320 3846 est
2382 3774 2686 3845 internas

415 3917 484 3982 et
532 3909 951 3981 necessarias
1007 3934 1150 3980 non
1199 3907 1576 3981 redierunt.
1707 3906 1914 3979 Unde
1979 3904 2151 3977 mihi
2210 3904 2301 3977 ad
2349 3903 2477 3976 has
2527 3884 2686 3975 ante

329 4050 331 4054 ’
411 4040 644 4112 omnia
690 4035 1121 4111 redeundum
1172 4063 1327 4111 esse
1381 4005 1728 4109 videbam.
1860 4036 2023 4136 Ego
2092 4063 2259 4109 vero
2331 4055 2474 4108 non
2522 4061 2684 4134 pro-

559 4400 620 4469 1)
671 4401 907 4469 Gottiug.
957 4403 1060 4469 gel.
1112 4404 1246 4455 A‘nz.
1302 4406 1460 4456 1830.
1520 4420 1568 4456 n.
1611 4406 1700 4455 81.
