2984 4959
415 323 463 399 6
1283 323 1825 424 Prolegomena.

413 502 685 569 Arabiae
725 509 1153 593 penetralibus
1196 508 1373 582 haud
1396 512 1629 580 multus
1653 510 2030 597 vitaevigor
2052 507 2475 602 fortunaeque
2505 513 2702 581 favor.

414 615 505 681 Et
565 618 812 684 Korani
869 624 1274 689 veneratione
1344 626 1788 714 superstitiosa
1870 625 2119 694 cultura
2183 624 2446 714 linguae
2527 627 2704 696 haud

324 805 336 818 ⁸
415 742 671 819 poterat
714 734 980 823 amplius
1006 734 1234 824 juvari.
1332 739 1513 805 Hinc
1549 763 1592 806 a
1632 749 1862 829 quarto
1891 740 2061 832 ‘fere
2114 737 2267 804 inde
2320 740 2540 808 seculo
2588 742 2702 807 lin-

417 865 551 931 gua
618 844 747 912 labi
816 857 885 915 et
962 846 1368 935 degenerare
1442 853 1659 942 coepit
1724 863 1862 919 tum
1932 853 1999 920 in
2057 852 2201 941 ipsa
2271 854 2508 919 Arabia
2567 866 2705 923 tum

415 960 765 1047 praecipue
826 960 892 1025 in
944 961 1130 1027 terris
1185 965 1545 1052 peregrinis
1630 975 1695 1033 et
1770 966 2037 1033 urbibus
2105 965 2301 1033 mixta
2379 966 2705 1035 hominum

419 1072 604 1159 copia
658 1072 1053 1157 inhabitatis3
1128 1098 1275 1142 nam
1318 1078 1494 1167 apud
1545 1080 1790 1146 Arabes
1836 1090 2231 1168 campestres
2288 1080 2492 1148 minus
2558 1104 2706 1149 cum

416 1186 778 1273 peregrinis
820 1186 1050 1255 mixtos
1094 1188 1318 1276 lingua
1357 1191 1639 1259 indolem
1678 1215 1862 1262 suam
1904 1193 2229 1281 antiquam
2268 1192 2516 1263 fidelius
2571 1218 2707 1263 ser-

417 1298 597 1365 vavit.
702 1299 794 1367 Et
852 1300 1274 1387 praecipuum
1330 1301 1589 1390 quidem
1652 1304 1830 1394 quod
1869 1304 2022 1372 inde
2065 1306 2252 1376 fluxit
2295 1307 2553 1410 linguae
2593 1309 2708 1378 de-

416 1413 783 1480 trimentum
838 1414 967 1481 hoc
1018 1422 1187 1494 erat,
1242 1415 1417 1503 quod
1459 1417 1711 1487 vocales
1753 1418 2037 1508 rapidius
2081 1429 2148 1487 et
2189 1421 2512 1489 confusius
2557 1445 2707 1512 pro-

418 1526 735 1605 nunciari,
802 1550 1154 1616 vocemque
1211 1528 1504 1600 finientes
1557 1532 1782 1600 breves
1839 1554 2103 1621 prorsus
2156 1531 2344 1621 abjici
2392 1554 2712 1622 coepere;

415 1638 483 1705 id
528 1638 702 1728 quod
762 1640 978 1708 seculo
1022 1642 1160 1733 jam
1213 1664 1276 1733 p.
1319 1646 1441 1712 ch.
1486 1643 1740 1712 decimo
1784 1646 1974 1716 tertio
2029 1645 2096 1714 in
2135 1643 2280 1735 ipsa
2326 1649 2564 1714 Arabia
2614 1649 2708 1715 in-

418 1755 673 1843 gruisse
739 1755 915 1822 testis
975 1765 1076 1822 est
1129 1756 1610 1824 Ibn-Khaldun
1654 1757 2011 1824 verissimus
2039 1756 2130 1843 ¹).
2228 1759 2321 1827 Ut
2361 1760 2426 1826 in
2475 1760 2709 1856 linguis

418 1870 897 1936 romanensibus
953 1890 1185 1935 vocum
1233 1869 1778 1938 terminationibus
1824 1869 2089 1958 abjectis
2131 1874 2473 1941 verborum
2514 1877 2708 1966 junc-

419 1994 564 2051 tura
622 1984 796 2050 novis
857 1981 1076 2060 formis
1128 1983 1470 2051 indicanda
1514 1994 1685 2064 erat,
1753 1983 1848 2049 sic
1888 1983 1955 2048 in
1995 1985 2330 2053 Arabismo
2375 1990 2709 2077 paullatim

422 2098 730 2166 subtiliori
769 2098 1029 2185 linguae
1073 2095 1317 2163 formae
1355 2096 1719 2163 labefactae
1758 2117 1925 2162 nova
1966 2081 2299 2166 succrevit.
2384 2100 2461 2166 In
2495 2102 2710 2170 multis

425 2212 645 2301 lingua
693 2210 1014 2279 recentior
1069 2208 1153 2279 ad
1196 2233 1276 2281 ea
1325 2209 1521 2281 rediit
1573 2230 1739 2300 quae
1780 2208 2032 2298 politior
2094 2220 2163 2280 et
2204 2212 2432 2281 cultior
2491 2227 2700 2284 muta·
2747 2269 2756 2280 .

426 2339 603 2394 verat
644 2324 744 2416 (g.
767 2325 867 2413 5).

323 2493 381 2541 ιι
597 2467 790 2538 Haec
853 2465 1112 2557 linguae
1166 2461 1344 2535 labes
1406 2490 1556 2536 cum
1611 2466 1752 2558 ipsa
1808 2489 2027 2542 rerum
2082 2466 2487 2535 arabicarum
2527 2469 2712 2537 ruina

428 2594 866 2651 consummata
922 2582 1201 2649 cernitur
1258 2583 1354 2650 his
1411 2580 1643 2648 nostris
1686 2579 1929 2646 diebus.
2030 2578 2202 2646 Nam
2261 2580 2529 2648 multum
2573 2593 2711 2649 tum

425 2700 491 2765 in
545 2701 845 2788 Aegypto
906 2707 974 2763 et
1030 2693 1217 2784 Syria
1267 2705 1405 2762 tum
1443 2694 1512 2759 in
1560 2693 1700 2780 ipsa
1740 2691 1974 2758 Arabia
2030 2715 2073 2758 a
2129 2692 2395 2781 pristina
2454 2696 2712 2762 aberra-

428 2814 516 2879 vit
565 2810 989 2879 concinnitate
1064 2816 1130 2871 et
1192 2803 1444 2888 indole3
1531 2804 1783 2871 vocales
1855 2797 2074 2871 finales
2146 2806 2373 2873 breves
2449 2828 2712 2895 prorsus

429 2923 567 2989 fere
638 2921 926 3011 abjectae
984 2941 1317 3006 novaeque
1379 2929 1561 2986 ortae
1628 2917 2039 2985 formationes
2110 2917 2364 2985 multae.
2494 2919 2711 2994 Quan-

428 3060 626 3125 quam
707 3059 917 3124 neque
1000 3033 1106 3101 hic
1171 3027 1501 3122 arbitrium
1579 3034 1783 3101 solum
1857 3017 2123 3120 regnat3
2218 3029 2482 3100 similem
2550 3033 2715 3100 enim

433 3151 846 3233 mutationem
938 3148 1244 3237 plurimae
1342 3146 1602 3233 linguae
1691 3157 1994 3236 expertae
2066 3157 2217 3214 sunt
2300 3147 2381 3213 ab
2427 3148 2717 3236 ‚arabica
2831 3155 2836 3162 '

432 3285 696 3351 prorsus
754 3261 1011 3329 alienae.
1119 3259 1198 3327 In
1254 3259 1535 3348 plurimis
1594 3267 1807 3326 autem
1867 3258 1951 3325 ad
1995 3260 2318 3347 antiquam
2368 3259 2558 3326 rediit
2610 3259 2716 3325 hic

432 3374 800 3464 Arabismus
863 3375 1129 3439 formam
1187 3372 1666 3460 simpliciorem,
1732 3372 2065 3441 obliterata
2121 3372 2398 3443 cultioris
2456 3372 2716 3464 linguae

352 3578 360 3586 ἢ
437 3487 778 3561 subtilitate
831 3498 898 3555 et
939 3495 1166 3561 ornatu
1214 3485 1309 3572 ²).

523 3720 593 3785 1)
623 3737 672 3787 p.
712 3717 829 3769 169.

523 3837 586 3902 2)
629 3851 821 3903 operae
870 3842 950 3888 est
1006 3838 1234 3903 linguam
1289 3831 1418 3890 hanc
1468 3833 1809 3889 recentiorem
1847 3835 2072 3906 penitius
2106 3850 2261 3889 nosse
2294 3841 2405 3888 tum
2439 3832 2506 3886 ad
2541 3845 2721 3886 omnes

552 3961 563 3975 ,
648 3928 907 3980 semiticas
943 3934 1052 3980 tum
1089 3929 1152 3980 ad
1192 3929 1384 3981 cultam
1411 3928 1670 3982 arabicam
1703 3928 1887 3979 melius
1916 3925 2335 3995 intelligendam3
2370 3940 2418 3976 v.
2442 3923 2721 4003 praecipue

648 4015 881 4071 Niebuhr
932 4015 1322 4085 Beschreibung
1377 4036 1426 4086 p.
1461 4022 1533 4071 83
1581 4036 1693 4087 sqq.
1749 4025 1805 4073 et
1861 4017 2122 4073 itineraria
2176 4016 2311 4081 alia,
2385 4022 2445 4067 ut
2494 4005 2750 4067 Scholzii'

650 4109 884 4177 (1822),
922 4110 1213 4173 Minutoliig
1263 4108 1488 4162 Habicbt
1518 4109 1668 4177 epist.
1705 4110 1902 4178 aliquot
1936 4127 2011 4165 ar.
2046 4110 2192 4164 Vrat.
2225 4109 2367 4159 1824
2402 4103 2516 4173 (cui
2550 4111 2723 4157 tamen

648 4202 780 4253 libro
831 4217 989 4269 purus
1037 4217 1139 4253 non
1194 4201 1326 4254 inest
1378 4201 1722 4269 Arabismus).
1822 4203 2061 4269 Dombay
2115 4199 2449 4268 grammatica
2502 4212 2722 4249 mauro-

648 4292 865 4344 arabica.
904 4289 1125 4343 Vindob.
1167 4294 1321 4343 1800.
1408 4291 1628 4346 Caussin
1676 4293 1742 4346 de
1777 4286 2026 4406 Perceval
2073 4291 2381 4414 grammaire
2419 4289 2577 4342 arabe
2610 4287 2725 4339 vul-

653 4385 814 4449 gaire.
854 4382 972 4436 Par
1013 4386 1167 4435 18242
2451 4410 2456 4414 ·
