2984 4959
472 331 576 405 70
1335 309 1452 382 De
1498 303 1879 439 Teschdid.

477 479 827 591 propterea
879 489 1124 567 lite'ram
1176 497 1451 587 priorem
1511 467 1875 588 quanquam
1935 493 2109 564 haud
2165 492 2444 597 auditam
2486 518 2741 586 semper

479 615 813 682 retinuisse
829 664 847 696 ,
893 612 1065 701 quod
1110 635 1188 678 ea
1226 609 1519 678 radicalis
1565 621 1669 679 est·
1704 613 2076 699 potiorque3
2140 611 2441 701 quodque
2479 613 2544 678 in
2589 634 2741 680 con-

478 726 791 798 trahendo
835 726 970 816 ejus
1014 747 1206 792 sonus
1255 724 1590 826 peculiaris
1633 722 1735 814 (S.
1770 722 1900 811 56)
1935 735 2148 792 manet
2195 723 2284 813 ¹).
2325 801 2331 807 .

344 847 449 948 131
664 881 849 956 Quae
893 881 1331 970 pronunciatio
1372 880 1615 947 mollior
1661 880 2039 969 quibusdam
2094 904 2172 947 eo
2222 904 2425 970 usque
2469 883 2745 967 invaluit,

380 992 425 1060 †
481 1007 550 1064 ut
591 996 655 1061 in
705 996 983 1064 Koranis
1026 994 1388 1084 diligentius
1436 996 1688 1083 scriptis
1747 995 2002 1083 quaevis
2057 1017 2409 1063 consonans
2459 1009 2636 1066 muta
2680 1010 2748 1069 et

474 1109 713 1246 liquida
766 1131 990 1177 vocem
1041 1108 1382 1176 terminans
1435 1109 1725 1198 sequenti
1776 1120 1887 1178 aut
1940 1111 2081 1198 pari
2120 1121 2232 1179 aut
2280 1111 2481 1179 classe
2524 1126 2615 1182 et
2641 1125 2748 1182 or-

1979 1211 2039 1244 an
2083 1214 2114 1245 ι·
2131 1216 2161 1247 2
2249 1212 2313 1246 οἳ

476 1293 653 1357 gano
696 1269 875 1337 simili
913 1267 1315 1338 assimilanda
1350 1268 1700 1350 scribatur,
1745 1268 1912 1341 velut
1956 1263 2029 1325 ἔω
2067 1264 2187 1350 Δὶ,
2239 1264 2305 1371 pl
2337 1265 2444 1355 ῥ’,
2479 1264 2597 1350 A?
2628 1268 2750 1352 οὔ,

493 1370 527 1408 ῧ
544 1371 578 1407 ω
665 1387 694 1403 0
2397 1371 2438 1413 ᾖ

478 1427 583 1503 3‘0
620 1426 752 1490 ⁴³3·
792 1524 796 1528 .
836 1432 974 1499 Imo
1017 1455 1289 1524 sequens
1322 1433 1509 1524 hujus
1545 1435 1803 1522 generis
1849 1459 2206 1505 consonans
2251 1438 2507 1534 quaevis
2555 1438 2745 1527 (gut-

479 1545 696 1614 turalis
741 1546 967 1636 etiam)
1012 1548 1106 1614 sic
1147 1546 1506 1638 duplicatur
1546 1558 1695 1636 post
1737 1560 2191 1620 consonantem
2232 1551 2342 1628 vel·
2380 1574 2603 1640 parem
2648 1552 2748 1619 vel

1871 1657 2131 1703 ...s-,i
2196 1654 2445 1706 :5⁴50ae
2618 1662 2731 1708 ηοξ

480 1723 743 1791 similem
782 1725 1008 1802 vocali
1049 1723 1240 1791 brevi
1280 1727 1712 1808 terminatam,
1757 1736 1830 1794 ut
1867 1741 1954 1812 ἐς)
1995 1717 2153 1813 fel,
2205 1718 2268 1784 ὦ
2318 1728 2491 1818 &³⁵³²
2553 1722 2745 1817 ἓκὺὶρ

476 1871 673 1982 ῥὰᾶξῖῧ
689 1926 713 1960 ,
774 1905 901 1970 quo
956 1884 1164 1971 magis
1213 1884 1435 1955 literae
1497 1885 1581 1952 ad
1621 1885 2214 1974 ›colliquescendum
2273 1913 2516 1979 pronae
2567 1890 2744 1958 disti-

477 2026 749 2082 neantur
791 2017 1084 2103 beneque
1127 2028 1571 2102 secernantur3
1626 2017 1798 2083 unde
1839 2018 1907 2084 id
1949 1993 2093 2085 non·
2116 2021 2191 2089 fit
2232 2022 2360 2114 nisi,
2388 2024 2497 2089 ubi
2539 2046 2745 2111 pausa

476 2119 644 2194 nulla
687 2138 786 2195 est
824 2129 1036 2195 media
1075 2128 1171 2215 ²).
1256 2130 1394 2197 Sed
1431 2120 1945 2221 hujus'mollitiei
1994 2134 2221 2228 nimiae
2268 2135 2406 2200 sere
2447 2135 2550 2206 lex
2589 2160 2742 2203 con-

464 2238 650 2310 -tinua
692 2264 732 2307 a
771 2241 1016 2330 vulgari
1038 2232 1349 2311 ,sermone
1389 2245 1592 2311 aliena
1634 2246 1829 2312 fuisse
1870 2244 2118 2314 videtur
2150 2270 2272 2312 nec
2301 2248 2419 2317 nisi
2453 2271 2490 2314 a
2522 2270 2739 2336 gram-¹-

471 2354 718 2422 maticis
759 2351 991 2422 sedulis
1046 2356 1131 2425 ad
1177 2359 1425 2425 Korani
1477 2339 1812 2427 lectionem
1853 2357 2383 2447 elegantissimam
2432 2360 2742 2429 denotan-

474 2466 624 2536 dam
678 2478 765 2536 et*
805 2469 1259 2537 stabiliendam
1296 2470 1582 2552 inventa,
1656 2494 2015 2560 quanquam
2072 2471 2246 2537 haud
2286 2454 2422 2539 sine
2470 2476 2623 2540 ansa
2655 2485 2743 2543 ‘et

473 2583 685 2647 causa.
781 2581 886 2648 De
928 2583 1304 2670 quibusdam
1346 2585 1595 2651 Korani
1633 2584 1930 2653 doctores
1978 2563 2356 2681 discrepant.
2410 2623 2498 2635 --
2579 2588 2762 2654 Om--

470 2693 617 2760 nino
663 2716 813 2760 vero
858 2695 1189 2763 Teschdid
1244 2696 1580 2786 euphonici
1629 2698 1694 2765 in
1744 2700 2022 2768 Karanis
2088 2701 2306 2768 cufiois
2359 2697 2592 2767 nullum
2641 2711 2742 2768 est

469 2809 822 2898 vestigium.

342 2960 445 3020 ¹3²
475 3032 478 3035 ,
639 2945 857 3033 Tanta
910 2976 1010 3034 est
1027 2967 1358 3054 Isonorum
1392 2965 1871 3033 consonantium
1910 2964 2234 3046 similium,
2275 2967 2388 3033 ubi
2425 2966 2543 3034 sibi
2586 2967 2740 3033 invi-

473 3106 616 3149 cem
657 3065 844 3148 vicini
887 3079 1083 3161 fiunt,
1154 3076 1555 3146 coalescendi
1612 3078 2007 3168 proclivitas,
2069 3090 2142 3148 ut
2184 3078 2284 3145 vel
2325 3080 2524 3147 vocali
2564 3081 2742 3147 brevi

465 3194 676 3261 media
748 3192 1108 3260 coalescere
1167 3201 1436 3280 queant,
1503 3188 1572 3257 id
1616 3190 1789 3281 quod
1829 3191 1894 3257 in
1947 3191 2137 3281 plebe
2191 3189 2439 3257 vocales
2494 3190 2739 3259 medias

465 3306 746 3396 rapidius
805 3309 1112 3372 efferente
1165 3293 1383 3373 natum
1423 3304 1621 3371 fuisse
1667 3303 1912 3371 credas.
2017 3306 2110 3373 Et
2148 3306 2435 3393 proxima
2478 3304 2736 3395 quidem

466 3421 818 3489 contractio
864 3418 1182 3484 censenda
1225 3428 1325 3484 est
1359 3439 1472 3496 ea,
1532 3439 1698 3505 quae
1739 3428 1890 3506 post
1932 3428 2382 3486 consonantem
2421 3419 2496 3486 fit
2538 3417 2740 3496 vocali

462 3527 871 3615 instructam,
928 3543 1002 3598 ut
1061 3532 1293 3598 vocalis
1348 3527 1561 3596 media
1601 3542 1938 3598 evanescat
1980 3553 2275 3619 prorsus;
2347 3530 2463 3599 sed
2516 3542 2738 3621 secuta

465 3647 704 3717 est.vel
754 3648 841 3713 ibi
885 3645 1268 3725 contractio,
1311 3646 1423 3710 ubi
1475 3641 1831 3710 consonans
1883 3645 2081 3712 vocali
2132 3667 2332 3710 vacua
2372 3644 2737 3734 praecedit:

463 3761 640 3850 quod
684 3762 739 3829 si
776 3761 880 3843 fit,
945 3771 1093 3848 post
1145 3757 1646 3836 contractionem
1701 3763 2056 3826 consonans
2100 3757 2493 3847 praecedens
2536 3757 2738 3824 voc'ali

460 3875 823 3941 necessario
871 3855 1197 3940 efferenda
1243 3881 1357 3939 est.
1441 3871 1792 3939 Rarissima
1833 3873 2034 3951 omnis
2061 3861 2232 3939 'haec
2282 3871 2635 3940 contractio
2674 3882 2742 3939 et

460 3988 771 4068 mendosa
817 3989 1032 4056 habita
1082 3986 1135 4053 si
1184 3984 1384 4053 altera
1431 3983 1612 4054 litera
1653 3998 1831 4053 extra
1870 3985 2152 4054 radicem
2202 3997 2300 4055 est
2320 4037 2341 4069 ,
2420 4007 2738 4054 concursu

570 4253 630 4320 1)
669 4254 734 4305 cf.
773 4251 895 4303 Not.
933 4251 996 4302 Τ.
1027 4255 1078 4302 9.
1116 4246 1170 4319 p.
1200 4254 1288 4302 32.
1323 4253 1411 4301 42.
1440 4252 1526 4302 48.
1564 4248 1629 4300 Τ.
1658 4253 1710 4300 s,
1747 4266 1797 4316 p.
1824 4250 1948 4300 319.

567 4362 631 4428 2)
672 4360 736 4414 cf.
775 4358 896 4410 Not.
934 4364 987 4409 et
1021 4358 1171 4410 Extr.
1210 4357 1274 4410 Τ.
1304 4363 1354 4409 8.
1402 4375 1453 4427 p.
1482 4358 1604 4408 318.
1640 4353 1705 4407 Τ.
1734 4358 1784 4406 9.
1818 4371 1868 4421 p.
1899 4356 1987 4410 82.
