2984 4959
842 1143 2003 1244 PRAEFATIO.

1142 1449 1706 1463 ———-—-————-————-—-——0

495 1786 1037 1859 Grammaticam
1109 1786 1457 1858 arabicam
1529 1783 1876 1858 scribendi
1951 1798 2090 1858 tres
2140 1786 2571 1884 potissimum

291 1917 465 1989 mihi
530 1917 724 1989 fuere
796 1941 1044 1988 causae
1109 1918 1492 2015 graviores.
1620 1917 1942 1987 Primum
2003 1915 2314 2008 laetiori,
2383 1915 2575 2014 quod

293 2073 488 2118 nunc
535 2049 712 2119 inter
757 2072 887 2119 nos
926 2044 1206 2144 affulget
1224 2095 1247 2138 ‚
1303 2045 1657 2117 literarum
1704 2043 2136 2116 arabicarum
2171 2045 2399 2118 studio
2431 2073 2575 2119 non
2693 2035 2700 2046 ⁶

299 2176 549 2248 melius
601 2202 712 2248 me
762 2187 832 2248 et
878 2177 1091 2247 tutius
1145 2170 1503 2247 consulere
1550 2200 1756 2272 posse
1805 2176 2043 2272 putavi
2089 2200 2298 2272 quam
2343 2202 2572 2275 gram-

297 2304 547 2405 matica
594 2304 989 2404 diligentius
1035 2302 1418 2401 descripta3
1501 2303 1640 2375 dici
1682 2305 1865 2376 enim
1915 2305 2035 2375 vix
2084 2316 2309 2402 potest
2353 2331 2571 2404 quan-

295 2447 446 2506 tum
495 2432 629 2505 sibi
677 2435 752 2504 in
803 2458 1219 2532 quacunque
1269 2433 1624 2504 literarum
1675 2432 1923 2504 harum
1969 2444 2163 2531 parte
2214 2436 2574 2507 tractanda

296 2573 544 2636 noceat
626 2565 749 2661 qui
827 2564 1105 2663 linguae
1182 2562 1631 2634 fundamenta
1694 2573 1763 2634 et
1825 2564 2122 2634 rationes
2189 2589 2386 2636 veras
2455 2578 2574 2637 aut

296 2719 582 2791 prorsus
632 2718 775 2765 non
823 2694 1254 2791 perspexerit
1302 2703 1422 2765 aut
1469 2694 1768 2790 penitius
1817 2717 2238 2791 cognoscere
2267 2705 2336 2764 et
2361 2719 2571 2791 quae-

296 2849 450 2895 rere
481 2823 812 2922 negligat.
878 2820 1025 2911 Qui
1064 2831 1292 2892 autem
1321 2820 1498 2893 liber
1528 2822 2017 2921 grammaticus
2051 2822 2359 2921 linguam
2387 2822 2572 2896 hanc

301 2952 497 3024 cultu
555 2933 1028 3051 dignissimam
1079 2950 1256 3023 bene
1300 2978 1407 3023 ‘ex
1465 2950 1614 3049 ejus
1675 2949 2139 3022 fundamentis
2186 2949 2575 3048 descripse-

301 3082 396 3153 rit
445 3092 514 3154 et
561 3081 1009 3180 explicuerit,
1066 3079 1338 3151 nullum
1380 3079 1745 3178 hucusque
1783 3079 2196 3150 invenimus,
2305 3080 2579 3152 Deinde

302 3209 581 3309 lingnae
641 3208 957 3283 arabicae
976 3261 1000 3305 ‚
1082 3213 1546 3283 semiticarum
1616 3209 1949 3306 principis
1968 3208 2008 3301 ‚²
2077 3209 2379 3306 cognitio
2424 3209 2578 3281 dili-

307 3343 578 3438 gentior
646 3351 1029 3440 ceterarum
1095 3342 1331 3438 stirpis
1397 3338 1610 3437 hujus
1686 3337 2129 3436 linguarum',
2238 3335 2580 3411 'hebraeae

305 3470 742 3567 potissimum
761 3520 785 3561 ‚
852 3469 1080 3541 studio
1137 3496 1282 3542 non
1332 3469 1773 3541 utilissimum
1822 3477 2090 3539 tantum
2141 3476 2244 3568 est
2294 3467 2417 3539 sed
2458 3495 2579 3540 ne-

307 3599 679 3688 cessarium
719 3624 1003 3697 prorsus
1046 3599 1144 3670 ‘ad
1186 3590 1471 3673 'errores
1492 3650 1517 3691 ‚
1598 3624 1774 3697 quos
1824 3598 2253 3697 grammatici
2303 3596 2581 3672 hebraei

307 3725 585 3798 arabica
646 3725 836 3798 haud
883 3726 1230 3801 intellecta
1280 3753 1645 3826 perperam
1698 3717 2172 3824 comparantes
2225 3731 2581 3800 commise-

307 3866 512 3950 runt,
550 3842 557 3849 ’
591 3857 905 3955 ingentes
961 3856 1459 3958 profligandos.
1592 3859 1921 3955 Tutoque
1973 3856 2344 3928 contendas
2364 3907 2387 3948 ,
2463 3860 2583 3955 qui

314 3984 759 4057 cultissimam
809 3975 1042 4085 stirpis
1086 3985 1205 4085 huj
1214 4014 1295 4059 us
1329 3987 1640 4086 linguam
1678 3985 1856 4058 bene
1873 3987 2340 4083 perspexerit,
2394 3985 2583 4057 hunc

221 4109 229 4118 ’
314 4111 589 4184 demum
658 4115 844 4186 circa
902 4141 1140 4188 omnes
1210 4116 1553 4189 semiticas
1603 4114 1792 4186 haud
1844 4116 2184 4187 caecutire
2249 4117 2576 4212 incipere.

310 4241 731 4340 Quanquam
785 4271 823 4315 e
878 4246 1223 4316 contrario
1275 4249 1396 4342 qui
1445 4247 1806 4343 hucusque
1865 4246 2380 4342 grammaticam
2434 4271 2585 4315 ara·
2638 4329 2650 4346 x

313 4369 542 4442 bicam
604 4374 1029 4470 scripserunt
1050 4423 1072 4464 ‚
1153 4371 1523 4446 hebraeam
1573 4373 1646 4445 id
1696 4398 1861 4443 vero
1906 4383 2015 4444 est
2031 4373 2409 4468 ·autiquam
2455 4373 2587 4444 lin-

1893 4496 2026 4581 )(*
