<?xml version="1.0" encoding="UTF-8"?>
<!DOCTYPE html PUBLIC "-//W3C//DTD XHTML 1.0 Transitional//EN"
    "http://www.w3.org/TR/xhtml1/DTD/xhtml1-transitional.dtd">
<html xmlns="http://www.w3.org/1999/xhtml" xml:lang="en" lang="en">
 <head>
  <title>
</title>
<meta http-equiv="Content-Type" content="text/html;charset=utf-8" />
  <meta name='ocr-system' content='tesseract 3.04.00' />
  <meta name='ocr-capabilities' content='ocr_page ocr_carea ocr_par ocr_line ocrx_word'/>
</head>
<body>
  <div class='ocr_page' id='page_1' title='image "./grammaticacriti00ewalgoog_0018.png"; bbox 0 0 2984 4959; ppageno 0'>
   <div class='ocr_carea' id='block_1_1' title="bbox 450 380 1863 474">
    <p class='ocr_par' dir='ltr' id='par_1_1' title="bbox 450 380 1863 474">
     <span class='ocr_line' id='line_1_1' title="bbox 450 380 1863 474; baseline 0.001 -26"><span class='ocrx_word' id='word_1_1' title='bbox 450 393 503 463; x_wconf 88' lang='lat'><strong>4</strong></span> <span class='ocrx_word' id='word_1_2' title='bbox 725 423 730 428; x_wconf 88' lang='lat'><strong>·</strong></span> <span class='ocrx_word' id='word_1_3' title='bbox 1096 443 1101 446; x_wconf 70' lang='grc'>,</span> <span class='ocrx_word' id='word_1_4' title='bbox 1315 380 1863 474; x_wconf 83' lang='lat' dir='ltr'><strong>Prolegomena.</strong></span> 
     </span>
    </p>
   </div>
   <div class='ocr_carea' id='block_1_2' title="bbox 410 559 2738 2221">
    <p class='ocr_par' dir='ltr' id='par_1_2' title="bbox 410 559 2738 2221">
     <span class='ocr_line' id='line_1_2' title="bbox 454 559 2735 652; baseline -0.001 -22"><span class='ocrx_word' id='word_1_5' title='bbox 454 573 603 630; x_wconf 84' lang='lat' dir='ltr'><strong>sunt</strong></span> <span class='ocrx_word' id='word_1_6' title='bbox 642 559 1041 628; x_wconf 78' lang='lat' dir='ltr'><strong>auxiliaria</strong></span> <span class='ocrx_word' id='word_1_7' title='bbox 1059 610 1076 638; x_wconf 91' lang='lat'><strong>,</strong></span> <span class='ocrx_word' id='word_1_8' title='bbox 1123 584 1289 651; x_wconf 91' lang='lat' dir='ltr'><strong>quae</strong></span> <span class='ocrx_word' id='word_1_9' title='bbox 1329 563 1620 641; x_wconf 83' lang='lat' dir='ltr'>Hebraei</span> <span class='ocrx_word' id='word_1_10' title='bbox 1661 564 1999 652; x_wconf 81' lang='lat' dir='ltr'><strong>ignorant3</strong></span> <span class='ocrx_word' id='word_1_11' title='bbox 2044 560 2262 629; x_wconf 84' lang='lat' dir='ltr'><strong>formis</strong></span> <span class='ocrx_word' id='word_1_12' title='bbox 2303 561 2735 650; x_wconf 77' lang='lat' dir='ltr'><strong>geminatione</strong></span> 
     </span>
     <span class='ocr_line' id='line_1_3' title="bbox 455 667 2734 756; baseline -0 -13"><span class='ocrx_word' id='word_1_13' title='bbox 455 677 780 744; x_wconf 86' lang='lat' dir='ltr'><strong>literarum</strong></span> <span class='ocrx_word' id='word_1_14' title='bbox 839 676 1211 743; x_wconf 84' lang='lat' dir='ltr'><strong>radicalium</strong></span> <span class='ocrx_word' id='word_1_15' title='bbox 1268 676 1453 744; x_wconf 86' lang='lat' dir='ltr'><strong>factis</strong></span> <span class='ocrx_word' id='word_1_16' title='bbox 1517 678 1924 756; x_wconf 72' lang='lat' dir='ltr'><strong>intensivis‚</strong></span> <span class='ocrx_word' id='word_1_17' title='bbox 1988 667 2303 748; x_wconf 80' lang='lat' dir='ltr'><strong>Arabibus</strong></span> <span class='ocrx_word' id='word_1_18' title='bbox 2361 676 2514 743; x_wconf 88' lang='lat' dir='ltr'><strong>satis</strong></span> <span class='ocrx_word' id='word_1_19' title='bbox 2576 675 2734 742; x_wconf 89' lang='lat' dir='ltr'><strong>raris</strong></span> 
     </span>
     <span class='ocr_line' id='line_1_4' title="bbox 456 777 2736 880; baseline 0 -26"><span class='ocrx_word' id='word_1_20' title='bbox 456 799 521 856; x_wconf 91' lang='lat' dir='ltr'><strong>et</strong></span> <span class='ocrx_word' id='word_1_21' title='bbox 563 788 806 856; x_wconf 87' lang='lat' dir='ltr'><strong>evitatis</strong></span> <span class='ocrx_word' id='word_1_22' title='bbox 866 789 979 876; x_wconf 87' lang='lat' dir='ltr'><strong>(ut</strong></span> <span class='ocrx_word' id='word_1_23' title='bbox 1032 803 1180 858; x_wconf 87' lang='lat' dir='ltr'><strong>sunt</strong></span> <span class='ocrx_word' id='word_1_24' title='bbox 1238 814 1278 857; x_wconf 90' lang='lat' dir='ltr'><strong>e</strong></span> <span class='ocrx_word' id='word_1_25' title='bbox 1318 792 1455 858; x_wconf 89' lang='lat' dir='ltr'><strong>solo</strong></span> <span class='ocrx_word' id='word_1_26' title='bbox 1499 813 1691 859; x_wconf 88' lang='lat' dir='ltr'><strong>sensu</strong></span> <span class='ocrx_word' id='word_1_27' title='bbox 1727 790 1993 880; x_wconf 83' lang='lat' dir='ltr'><strong>physico</strong></span> <span class='ocrx_word' id='word_1_28' title='bbox 2051 777 2454 877; x_wconf 80' lang='lat' dir='ltr'><strong>derivatae),</strong></span> <span class='ocrx_word' id='word_1_29' title='bbox 2529 788 2736 855; x_wconf 87' lang='lat' dir='ltr'><strong>forma</strong></span> 
     </span>
     <span class='ocr_line' id='line_1_5' title="bbox 455 895 2738 993; baseline 0.001 -26"><span class='ocrx_word' id='word_1_30' title='bbox 455 901 706 990; x_wconf 85' lang='lat' dir='ltr'><strong>adjecta</strong></span> <span class='ocrx_word' id='word_1_31' title='bbox 729 913 828 968; x_wconf 89' lang='lat' dir='ltr'><strong>est</strong></span> <span class='ocrx_word' id='word_1_32' title='bbox 858 903 1054 990; x_wconf 88' lang='lat' dir='ltr'><strong>longe</strong></span> <span class='ocrx_word' id='word_1_33' title='bbox 1085 906 1480 993; x_wconf 80' lang='lat' dir='ltr'><strong>frequentior</strong></span> <span class='ocrx_word' id='word_1_34' title='bbox 1507 902 1928 992; x_wconf 74' lang='lat' dir='ltr'><strong>superlativi</strong></span> <span class='ocrx_word' id='word_1_35' title='bbox 1947 926 2131 985; x_wconf 81' lang='lat' dir='ltr'><strong>nova,</strong></span> <span class='ocrx_word' id='word_1_36' title='bbox 2167 904 2487 970; x_wconf 80' lang='lat' dir='ltr'><strong>Hebraeis</strong></span> <span class='ocrx_word' id='word_1_37' title='bbox 2506 895 2738 989; x_wconf 72' lang='lat' dir='ltr'><strong>ignota</strong></span> 
     </span>
     <span class='ocr_line' id='line_1_6' title="bbox 453 1011 2734 1107; baseline 0.001 -29"><span class='ocrx_word' id='word_1_38' title='bbox 453 1019 592 1101; x_wconf 83' lang='lat' dir='ltr'><strong>(gr.</strong></span> <span class='ocrx_word' id='word_1_39' title='bbox 607 1013 754 1081; x_wconf 90' lang='lat' dir='ltr'><strong>min.</strong></span> <span class='ocrx_word' id='word_1_40' title='bbox 773 1011 839 1104; x_wconf 58' lang='grc' dir='ltr'><strong>ἓ.</strong></span> <span class='ocrx_word' id='word_1_41' title='bbox 859 1014 1046 1101; x_wconf 84' lang='grc'>229).</span> <span class='ocrx_word' id='word_1_42' title='bbox 1103 1017 1296 1085; x_wconf 87' lang='lat' dir='ltr'><strong>Unde</strong></span> <span class='ocrx_word' id='word_1_43' title='bbox 1317 1041 1625 1107; x_wconf 87' lang='lat' dir='ltr'><strong>magnum</strong></span> <span class='ocrx_word' id='word_1_44' title='bbox 1640 1016 1820 1084; x_wconf 89' lang='lat' dir='ltr'><strong>simul</strong></span> <span class='ocrx_word' id='word_1_45' title='bbox 1846 1018 1977 1105; x_wconf 89' lang='lat' dir='ltr'><strong>peti</strong></span> <span class='ocrx_word' id='word_1_46' title='bbox 2018 1028 2236 1105; x_wconf 89' lang='lat' dir='ltr'><strong>potest</strong></span> <span class='ocrx_word' id='word_1_47' title='bbox 2273 1017 2734 1105; x_wconf 83' lang='lat' dir='ltr'><strong>grammaticae</strong></span> 
     </span>
     <span class='ocr_line' id='line_1_7' title="bbox 451 1127 2734 1220; baseline 0 -28"><span class='ocrx_word' id='word_1_48' title='bbox 451 1127 636 1216; x_wconf 89' lang='lat' dir='ltr'><strong>hujus</strong></span> <span class='ocrx_word' id='word_1_49' title='bbox 678 1127 940 1216; x_wconf 84' lang='lat' dir='ltr'><strong>linguae</strong></span> <span class='ocrx_word' id='word_1_50' title='bbox 981 1131 1147 1197; x_wconf 91' lang='lat' dir='ltr'><strong>bene</strong></span> <span class='ocrx_word' id='word_1_51' title='bbox 1190 1130 1565 1200; x_wconf 82' lang='lat' dir='ltr'><strong>tractandae</strong></span> <span class='ocrx_word' id='word_1_52' title='bbox 1606 1130 2008 1220; x_wconf 87' lang='lat' dir='ltr'><strong>praesidium.</strong></span> <span class='ocrx_word' id='word_1_53' title='bbox 2120 1132 2291 1196; x_wconf 92' lang='lat' dir='ltr'><strong>Nam</strong></span> <span class='ocrx_word' id='word_1_54' title='bbox 2339 1141 2413 1197; x_wconf 90' lang='lat' dir='ltr'><strong>ut</strong></span> <span class='ocrx_word' id='word_1_55' title='bbox 2452 1131 2734 1196; x_wconf 87' lang='lat' dir='ltr'><strong>Arabum</strong></span> 
     </span>
     <span class='ocr_line' id='line_1_8' title="bbox 450 1234 2732 1333; baseline 0.002 -29"><span class='ocrx_word' id='word_1_56' title='bbox 450 1240 680 1331; x_wconf 23' lang='lat' dir='ltr'><strong>lingua·</strong></span> <span class='ocrx_word' id='word_1_57' title='bbox 729 1241 1032 1310; x_wconf 88' lang='lat' dir='ltr'><strong>ditissima</strong></span> <span class='ocrx_word' id='word_1_58' title='bbox 1102 1254 1168 1311; x_wconf 91' lang='lat' dir='ltr'><strong>et</strong></span> <span class='ocrx_word' id='word_1_59' title='bbox 1220 1244 1559 1332; x_wconf 85' lang='lat' dir='ltr'><strong>purissima</strong></span> <span class='ocrx_word' id='word_1_60' title='bbox 1619 1244 1817 1313; x_wconf 88' lang='lat' dir='ltr'><strong>multa</strong></span> <span class='ocrx_word' id='word_1_61' title='bbox 1887 1268 1966 1311; x_wconf 86' lang='lat' dir='ltr'><strong>ex</strong></span> <span class='ocrx_word' id='word_1_62' title='bbox 2048 1243 2417 1333; x_wconf 85' lang='lat' dir='ltr'><strong>antiquitate</strong></span> <span class='ocrx_word' id='word_1_63' title='bbox 2484 1234 2732 1310; x_wconf 85' lang='lat' dir='ltr'><strong>remota</strong></span> 
     </span>
     <span class='ocr_line' id='line_1_9' title="bbox 451 1355 2732 1446; baseline 0.001 -26"><span class='ocrx_word' id='word_1_64' title='bbox 451 1355 723 1422; x_wconf 84' lang='lat' dir='ltr'><strong>servavit</strong></span> <span class='ocrx_word' id='word_1_65' title='bbox 786 1379 953 1444; x_wconf 90' lang='lat' dir='ltr'><strong>quae</strong></span> <span class='ocrx_word' id='word_1_66' title='bbox 1007 1358 1117 1424; x_wconf 85' lang='lat' dir='ltr'><strong>vel.</strong></span> <span class='ocrx_word' id='word_1_67' title='bbox 1170 1359 1246 1424; x_wconf 86' lang='lat' dir='ltr'><strong>in·</strong></span> <span class='ocrx_word' id='word_1_68' title='bbox 1290 1359 1574 1426; x_wconf 88' lang='lat' dir='ltr'><strong>hebraea</strong></span> <span class='ocrx_word' id='word_1_69' title='bbox 1627 1359 1836 1426; x_wconf 89' lang='lat' dir='ltr'><strong>minus</strong></span> <span class='ocrx_word' id='word_1_70' title='bbox 1889 1359 2146 1446; x_wconf 88' lang='lat' dir='ltr'><strong>integra</strong></span> <span class='ocrx_word' id='word_1_71' title='bbox 2188 1368 2338 1425; x_wconf 91' lang='lat' dir='ltr'><strong>sunt</strong></span> <span class='ocrx_word' id='word_1_72' title='bbox 2381 1368 2447 1424; x_wconf 92' lang='lat' dir='ltr'><strong>et</strong></span> <span class='ocrx_word' id='word_1_73' title='bbox 2485 1358 2732 1445; x_wconf 76' lang='lat' dir='ltr'><strong>perspi-</strong></span> 
     </span>
     <span class='ocr_line' id='line_1_10' title="bbox 450 1468 2733 1563; baseline 0.001 -30"><span class='ocrx_word' id='word_1_74' title='bbox 450 1490 605 1534; x_wconf 88' lang='lat' dir='ltr'><strong>cua:</strong></span> <span class='ocrx_word' id='word_1_75' title='bbox 670 1468 760 1535; x_wconf 88' lang='lat' dir='ltr'><strong>ita</strong></span> <span class='ocrx_word' id='word_1_76' title='bbox 824 1492 1045 1537; x_wconf 90' lang='lat' dir='ltr'><strong>rursus</strong></span> <span class='ocrx_word' id='word_1_77' title='bbox 1111 1472 1428 1561; x_wconf 86' lang='lat' dir='ltr'><strong>antiquior</strong></span> <span class='ocrx_word' id='word_1_78' title='bbox 1496 1483 1563 1540; x_wconf 90' lang='lat' dir='ltr'><strong>et</strong></span> <span class='ocrx_word' id='word_1_79' title='bbox 1627 1496 1794 1563; x_wconf 91' lang='lat' dir='ltr'><strong>quae</strong></span> <span class='ocrx_word' id='word_1_80' title='bbox 1849 1473 2202 1562; x_wconf 87' lang='lat' dir='ltr'><strong>antiquitati</strong></span> <span class='ocrx_word' id='word_1_81' title='bbox 2251 1472 2315 1537; x_wconf 88' lang='lat' dir='ltr'><strong>in</strong></span> <span class='ocrx_word' id='word_1_82' title='bbox 2373 1472 2733 1537; x_wconf 88' lang='lat' dir='ltr'><strong>universum</strong></span> 
     </span>
     <span class='ocr_line' id='line_1_11' title="bbox 410 1570 2731 1669; baseline 0.003 -23"><span class='ocrx_word' id='word_1_83' title='bbox 410 1570 694 1647; x_wconf 63' lang='lat' dir='ltr'><strong>⁸fidelior</strong></span> <span class='ocrx_word' id='word_1_84' title='bbox 749 1584 1013 1666; x_wconf 86' lang='lat' dir='ltr'><strong>mansit,</strong></span> <span class='ocrx_word' id='word_1_85' title='bbox 1086 1584 1406 1651; x_wconf 90' lang='lat' dir='ltr'><strong>censenda</strong></span> <span class='ocrx_word' id='word_1_86' title='bbox 1462 1597 1562 1653; x_wconf 89' lang='lat' dir='ltr'><strong>est</strong></span> <span class='ocrx_word' id='word_1_87' title='bbox 1614 1586 1930 1669; x_wconf 82' lang='lat' dir='ltr'><strong>hebraea3</strong></span> <span class='ocrx_word' id='word_1_88' title='bbox 1997 1596 2071 1653; x_wconf 90' lang='lat' dir='ltr'><strong>ut</strong></span> <span class='ocrx_word' id='word_1_89' title='bbox 2116 1586 2414 1651; x_wconf 85' lang='lat' dir='ltr'><strong>arabicae</strong></span> <span class='ocrx_word' id='word_1_90' title='bbox 2453 1585 2731 1652; x_wconf 88' lang='lat' dir='ltr'><strong>indolem</strong></span> 
     </span>
     <span class='ocr_line' id='line_1_12' title="bbox 445 1698 2728 1787; baseline 0.002 -28"><span class='ocrx_word' id='word_1_91' title='bbox 445 1706 511 1780; x_wconf 90' lang='lat' dir='ltr'><strong>et</strong></span> <span class='ocrx_word' id='word_1_92' title='bbox 575 1719 803 1763; x_wconf 90' lang='lat' dir='ltr'><strong>causas</strong></span> <span class='ocrx_word' id='word_1_93' title='bbox 866 1721 1057 1763; x_wconf 91' lang='lat' dir='ltr'><strong>nemo</strong></span> <span class='ocrx_word' id='word_1_94' title='bbox 1111 1699 1318 1786; x_wconf 83' lang='lat' dir='ltr'><strong>possit</strong></span> <span class='ocrx_word' id='word_1_95' title='bbox 1371 1699 1571 1766; x_wconf 83' lang='lat' dir='ltr'><strong>tutius</strong></span> <span class='ocrx_word' id='word_1_96' title='bbox 1620 1711 1686 1767; x_wconf 91' lang='lat' dir='ltr'><strong>et</strong></span> <span class='ocrx_word' id='word_1_97' title='bbox 1742 1700 1949 1766; x_wconf 82' lang='lat' dir='ltr'><strong>verius</strong></span> <span class='ocrx_word' id='word_1_98' title='bbox 1994 1698 2342 1767; x_wconf 89' lang='lat' dir='ltr'><strong>intellectas</strong></span> <span class='ocrx_word' id='word_1_99' title='bbox 2389 1700 2728 1787; x_wconf 84' lang='lat' dir='ltr'><strong>explicare,</strong></span> 
     </span>
     <span class='ocr_line' id='line_1_13' title="bbox 444 1811 2729 1902; baseline 0.003 -28"><span class='ocrx_word' id='word_1_100' title='bbox 444 1832 637 1896; x_wconf 89' lang='lat' dir='ltr'><strong>quam</strong></span> <span class='ocrx_word' id='word_1_101' title='bbox 680 1811 786 1899; x_wconf 91' lang='lat' dir='ltr'><strong>qui</strong></span> <span class='ocrx_word' id='word_1_102' title='bbox 829 1811 1150 1879; x_wconf 85' lang='lat' dir='ltr'><strong>hebraeae</strong></span> <span class='ocrx_word' id='word_1_103' title='bbox 1192 1813 1454 1902; x_wconf 88' lang='lat' dir='ltr'><strong>linguae</strong></span> <span class='ocrx_word' id='word_1_104' title='bbox 1497 1814 1578 1879; x_wconf 88' lang='lat' dir='ltr'><strong>sit</strong></span> <span class='ocrx_word' id='word_1_105' title='bbox 1621 1813 2055 1902; x_wconf 86' lang='lat' dir='ltr'><strong>gnarissimus.</strong></span> <span class='ocrx_word' id='word_1_106' title='bbox 2156 1813 2470 1879; x_wconf 88' lang='lat' dir='ltr'><strong>Aramaea</strong></span> <span class='ocrx_word' id='word_1_107' title='bbox 2514 1824 2729 1880; x_wconf 78' lang='lat' dir='ltr'><strong>autem</strong></span> 
     </span>
     <span class='ocr_line' id='line_1_14' title="bbox 442 1921 2726 2015; baseline 0.002 -28"><span class='ocrx_word' id='word_1_108' title='bbox 442 1921 750 1991; x_wconf 85' lang='lat' dir='ltr'><strong>dialectus</strong></span> <span class='ocrx_word' id='word_1_109' title='bbox 811 1948 1058 2014; x_wconf 86' lang='lat' dir='ltr'><strong>pauper</strong></span> <span class='ocrx_word' id='word_1_110' title='bbox 1115 1936 1182 1993; x_wconf 90' lang='lat' dir='ltr'><strong>et</strong></span> <span class='ocrx_word' id='word_1_111' title='bbox 1236 1926 1376 2015; x_wconf 84' lang='lat' dir='ltr'><strong>ipsa</strong></span> <span class='ocrx_word' id='word_1_112' title='bbox 1434 1926 1713 1993; x_wconf 70' lang='lat' dir='ltr'><strong>hebraea</strong></span> <span class='ocrx_word' id='word_1_113' title='bbox 1769 1926 1972 1993; x_wconf 89' lang='lat' dir='ltr'><strong>serior</strong></span> <span class='ocrx_word' id='word_1_114' title='bbox 2030 1924 2225 1992; x_wconf 88' lang='lat' dir='ltr'><strong>multa</strong></span> <span class='ocrx_word' id='word_1_115' title='bbox 2280 1925 2479 1993; x_wconf 90' lang='lat' dir='ltr'><strong>habet</strong></span> <span class='ocrx_word' id='word_1_116' title='bbox 2519 1927 2726 1992; x_wconf 85' lang='lat' dir='ltr'><strong>arabi-</strong></span> 
     </span>
     <span class='ocr_line' id='line_1_15' title="bbox 441 2037 2727 2129; baseline 0.002 -28"><span class='ocrx_word' id='word_1_117' title='bbox 441 2059 561 2101; x_wconf 85' lang='lat' dir='ltr'><strong>cae</strong></span> <span class='ocrx_word' id='word_1_118' title='bbox 617 2037 877 2119; x_wconf 87' lang='lat' dir='ltr'><strong>similia,</strong></span> <span class='ocrx_word' id='word_1_119' title='bbox 956 2050 1028 2106; x_wconf 90' lang='lat' dir='ltr'><strong>ut</strong></span> <span class='ocrx_word' id='word_1_120' title='bbox 1091 2040 1342 2127; x_wconf 88' lang='lat' dir='ltr'><strong>linguas</strong></span> <span class='ocrx_word' id='word_1_121' title='bbox 1412 2041 1718 2128; x_wconf 89' lang='lat' dir='ltr'><strong>temporis</strong></span> <span class='ocrx_word' id='word_1_122' title='bbox 1775 2062 2130 2129; x_wconf 84' lang='lat' dir='ltr'><strong>progressu</strong></span> <span class='ocrx_word' id='word_1_123' title='bbox 2170 2039 2552 2107; x_wconf 84' lang='lat' dir='ltr'><strong>mutationes</strong></span> <span class='ocrx_word' id='word_1_124' title='bbox 2594 2040 2727 2129; x_wconf 79' lang='lat' dir='ltr'><strong>pati</strong></span> 
     </span>
     <span class='ocr_line' id='line_1_16' title="bbox 438 2152 1630 2221; baseline 0.006 -7"><span class='ocrx_word' id='word_1_125' title='bbox 438 2152 834 2218; x_wconf 87' lang='lat' dir='ltr'><strong>necessarias</strong></span> <span class='ocrx_word' id='word_1_126' title='bbox 879 2165 945 2221; x_wconf 90' lang='lat' dir='ltr'><strong>et</strong></span> <span class='ocrx_word' id='word_1_127' title='bbox 987 2164 1351 2220; x_wconf 88' lang='lat' dir='ltr'><strong>constantes</strong></span> <span class='ocrx_word' id='word_1_128' title='bbox 1394 2152 1630 2221; x_wconf 84' lang='lat' dir='ltr'><strong>videas.</strong></span> 
     </span>
    </p>
   </div>
   <div class='ocr_carea' id='block_1_3' title="bbox 369 2320 2725 3786">
    <p class='ocr_par' dir='ltr' id='par_1_3' title="bbox 369 2320 2725 2639">
     <span class='ocr_line' id='line_1_17' title="bbox 369 2320 2723 2413; baseline 0.001 -28"><span class='ocrx_word' id='word_1_129' title='bbox 369 2327 405 2374; x_wconf 82' lang='lat'>8</span> <span class='ocrx_word' id='word_1_130' title='bbox 552 2379 561 2400; x_wconf 32' lang='lat' dir='ltr'>x</span> <span class='ocrx_word' id='word_1_131' title='bbox 609 2320 761 2386; x_wconf 91' lang='lat' dir='ltr'><strong>Non</strong></span> <span class='ocrx_word' id='word_1_132' title='bbox 818 2333 1032 2390; x_wconf 89' lang='lat' dir='ltr'><strong>autem</strong></span> <span class='ocrx_word' id='word_1_133' title='bbox 1101 2322 1220 2391; x_wconf 91' lang='lat' dir='ltr'><strong>fuit</strong></span> <span class='ocrx_word' id='word_1_134' title='bbox 1279 2323 1445 2390; x_wconf 88' lang='lat' dir='ltr'><strong>haec</strong></span> <span class='ocrx_word' id='word_1_135' title='bbox 1504 2347 1623 2413; x_wconf 90' lang='lat' dir='ltr'><strong>per</strong></span> <span class='ocrx_word' id='word_1_136' title='bbox 1688 2325 2025 2392; x_wconf 88' lang='lat' dir='ltr'><strong>Koranum</strong></span> <span class='ocrx_word' id='word_1_137' title='bbox 2066 2323 2462 2412; x_wconf 88' lang='lat' dir='ltr'><strong>potissimum</strong></span> <span class='ocrx_word' id='word_1_138' title='bbox 2502 2322 2723 2388; x_wconf 82' lang='lat' dir='ltr'><strong>nobili-</strong></span> 
     </span>
     <span class='ocr_line' id='line_1_18' title="bbox 439 2436 2725 2528; baseline 0.001 -29"><span class='ocrx_word' id='word_1_139' title='bbox 439 2443 570 2500; x_wconf 89' lang='lat' dir='ltr'><strong>tata</strong></span> <span class='ocrx_word' id='word_1_140' title='bbox 615 2436 901 2524; x_wconf 81' lang='lat' dir='ltr'><strong>Arabum</strong></span> <span class='ocrx_word' id='word_1_141' title='bbox 950 2436 1170 2524; x_wconf 88' lang='lat' dir='ltr'><strong>lingua</strong></span> <span class='ocrx_word' id='word_1_142' title='bbox 1222 2437 1566 2527; x_wconf 86' lang='lat' dir='ltr'><strong>antiquitus</strong></span> <span class='ocrx_word' id='word_1_143' title='bbox 1626 2462 1745 2528; x_wconf 89' lang='lat' dir='ltr'><strong>per</strong></span> <span class='ocrx_word' id='word_1_144' title='bbox 1783 2439 2173 2518; x_wconf 82' lang='lat' dir='ltr'><strong>universam,</strong></span> <span class='ocrx_word' id='word_1_145' title='bbox 2232 2460 2485 2526; x_wconf 90' lang='lat' dir='ltr'><strong>quaqua</strong></span> <span class='ocrx_word' id='word_1_146' title='bbox 2544 2445 2725 2525; x_wconf 80' lang='lat' dir='ltr'><strong>patet</strong></span> 
     </span>
     <span class='ocr_line' id='line_1_19' title="bbox 435 2545 2722 2639; baseline 0.002 -28"><span class='ocrx_word' id='word_1_147' title='bbox 435 2545 769 2628; x_wconf 84' lang='lat' dir='ltr'><strong>latissime,</strong></span> <span class='ocrx_word' id='word_1_148' title='bbox 833 2549 1134 2616; x_wconf 88' lang='lat' dir='ltr'><strong>Arabiam</strong></span> <span class='ocrx_word' id='word_1_149' title='bbox 1191 2552 1311 2618; x_wconf 90' lang='lat' dir='ltr'><strong>sibi</strong></span> <span class='ocrx_word' id='word_1_150' title='bbox 1366 2564 1663 2620; x_wconf 85' lang='lat' dir='ltr'><strong>constans</strong></span> <span class='ocrx_word' id='word_1_151' title='bbox 1707 2562 1773 2618; x_wconf 91' lang='lat' dir='ltr'><strong>et</strong></span> <span class='ocrx_word' id='word_1_152' title='bbox 1813 2549 2177 2639; x_wconf 84' lang='lat' dir='ltr'><strong>aequabilis.</strong></span> <span class='ocrx_word' id='word_1_153' title='bbox 2285 2549 2722 2617; x_wconf 88' lang='lat' dir='ltr'><strong>Dialectorum</strong></span> 
     </span>
    </p>

    <p class='ocr_par' dir='ltr' id='par_1_4' title="bbox 376 2659 2725 3786">
     <span class='ocr_line' id='line_1_20' title="bbox 376 2659 2725 2752; baseline 0.001 -26"><span class='ocrx_word' id='word_1_154' title='bbox 376 2719 383 2726; x_wconf 84' lang='grc'><em>,</em></span> <span class='ocrx_word' id='word_1_155' title='bbox 434 2659 764 2746; x_wconf 89' lang='lat' dir='ltr'><strong>ingentem</strong></span> <span class='ocrx_word' id='word_1_156' title='bbox 849 2661 1045 2728; x_wconf 81' lang='lat' dir='ltr'><strong>fuisse</strong></span> <span class='ocrx_word' id='word_1_157' title='bbox 1113 2686 1447 2729; x_wconf 81' lang='lat' dir='ltr'><strong>numerum</strong></span> <span class='ocrx_word' id='word_1_158' title='bbox 1516 2676 1583 2732; x_wconf 92' lang='lat' dir='ltr'><strong>et</strong></span> <span class='ocrx_word' id='word_1_159' title='bbox 1634 2666 1729 2731; x_wconf 90' lang='lat' dir='ltr'><strong>rei</strong></span> <span class='ocrx_word' id='word_1_160' title='bbox 1783 2676 2011 2733; x_wconf 89' lang='lat' dir='ltr'><strong>natura</strong></span> <span class='ocrx_word' id='word_1_161' title='bbox 2065 2664 2298 2752; x_wconf 88' lang='lat' dir='ltr'><strong>probat</strong></span> <span class='ocrx_word' id='word_1_162' title='bbox 2352 2674 2416 2729; x_wconf 90' lang='lat' dir='ltr'><strong>et</strong></span> <span class='ocrx_word' id='word_1_163' title='bbox 2481 2661 2725 2729; x_wconf 87' lang='lat' dir='ltr'><strong>diserta</strong></span> 
     </span>
     <span class='ocr_line' id='line_1_21' title="bbox 438 2767 2721 2876; baseline 0.001 -39"><span class='ocrx_word' id='word_1_164' title='bbox 438 2767 755 2860; x_wconf 75' lang='lat' dir='ltr'><strong>quaedam</strong></span> <span class='ocrx_word' id='word_1_165' title='bbox 798 2776 1181 2863; x_wconf 87' lang='lat' dir='ltr'><strong>scriptorum</strong></span> <span class='ocrx_word' id='word_1_166' title='bbox 1225 2779 1631 2876; x_wconf 83' lang='lat' dir='ltr'><strong>arabicorum</strong></span> <span class='ocrx_word' id='word_1_167' title='bbox 1672 2778 2032 2846; x_wconf 87' lang='lat' dir='ltr'><strong>testimonia</strong></span> <span class='ocrx_word' id='word_1_168' title='bbox 2077 2776 2166 2864; x_wconf 83' lang='lat'><strong>¹).</strong></span> <span class='ocrx_word' id='word_1_169' title='bbox 2270 2774 2407 2842; x_wconf 88' lang='lat' dir='ltr'><strong>Sed</strong></span> <span class='ocrx_word' id='word_1_170' title='bbox 2461 2787 2721 2864; x_wconf 89' lang='lat' dir='ltr'><strong>praeter</strong></span> 
     </span>
     <span class='ocr_line' id='line_1_22' title="bbox 437 2887 2716 2980; baseline 0 -28"><span class='ocrx_word' id='word_1_171' title='bbox 437 2887 832 2974; x_wconf 88' lang='lat' dir='ltr'><strong>singularum</strong></span> <span class='ocrx_word' id='word_1_172' title='bbox 888 2890 1170 2959; x_wconf 85' lang='lat' dir='ltr'><strong>tribuum</strong></span> <span class='ocrx_word' id='word_1_173' title='bbox 1214 2890 1519 2959; x_wconf 86' lang='lat' dir='ltr'><strong>dialectos</strong></span> <span class='ocrx_word' id='word_1_174' title='bbox 1561 2891 1753 2957; x_wconf 90' lang='lat' dir='ltr'><strong>iidem</strong></span> <span class='ocrx_word' id='word_1_175' title='bbox 1809 2891 2153 2979; x_wconf 77' lang='lat' dir='ltr'><strong>scriptores</strong></span> <span class='ocrx_word' id='word_1_176' title='bbox 2195 2887 2270 2980; x_wconf 82' lang='lat'><strong>²)</strong></span> <span class='ocrx_word' id='word_1_177' title='bbox 2338 2888 2424 2955; x_wconf 91' lang='lat' dir='ltr'><strong>de</strong></span> <span class='ocrx_word' id='word_1_178' title='bbox 2476 2912 2716 2976; x_wconf 87' lang='lat' dir='ltr'><strong>magno</strong></span> 
     </span>
     <span class='ocr_line' id='line_1_23' title="bbox 433 3000 2717 3093; baseline 0.002 -28"><span class='ocrx_word' id='word_1_179' title='bbox 433 3000 778 3089; x_wconf 89' lang='lat' dir='ltr'><strong>loquuntur</strong></span> <span class='ocrx_word' id='word_1_180' title='bbox 834 3003 1007 3091; x_wconf 91' lang='lat' dir='ltr'><strong>quod</strong></span> <span class='ocrx_word' id='word_1_181' title='bbox 1047 3005 1212 3072; x_wconf 89' lang='lat' dir='ltr'><strong>inter</strong></span> <span class='ocrx_word' id='word_1_182' title='bbox 1265 3007 1540 3075; x_wconf 87' lang='lat' dir='ltr'><strong>Arabiae</strong></span> <span class='ocrx_word' id='word_1_183' title='bbox 1595 3004 1848 3071; x_wconf 87' lang='lat' dir='ltr'><strong>mediae</strong></span> <span class='ocrx_word' id='word_1_184' title='bbox 1899 3004 2100 3072; x_wconf 88' lang='lat' dir='ltr'><strong>tribus</strong></span> <span class='ocrx_word' id='word_1_185' title='bbox 2159 3014 2225 3071; x_wconf 91' lang='lat' dir='ltr'><strong>et</strong></span> <span class='ocrx_word' id='word_1_186' title='bbox 2277 3003 2717 3093; x_wconf 83' lang='lat' dir='ltr'><strong>Himjarenses</strong></span> 
     </span>
     <span class='ocr_line' id='line_1_24' title="bbox 435 3113 2716 3209; baseline 0.002 -31"><span class='ocrx_word' id='word_1_187' title='bbox 435 3113 743 3181; x_wconf 86' lang='lat' dir='ltr'><strong>Jemanae</strong></span> <span class='ocrx_word' id='word_1_188' title='bbox 784 3115 1021 3185; x_wconf 89' lang='lat' dir='ltr'><strong>incolas</strong></span> <span class='ocrx_word' id='word_1_189' title='bbox 1068 3119 1261 3188; x_wconf 86' lang='lat' dir='ltr'><strong>fuerit</strong></span> <span class='ocrx_word' id='word_1_190' title='bbox 1303 3120 1565 3209; x_wconf 89' lang='lat' dir='ltr'><strong>linguae</strong></span> <span class='ocrx_word' id='word_1_191' title='bbox 1607 3118 1981 3186; x_wconf 87' lang='lat' dir='ltr'><strong>discrimine.</strong></span> <span class='ocrx_word' id='word_1_192' title='bbox 2042 3116 2439 3206; x_wconf 88' lang='lat' dir='ltr'><strong>Videturque</strong></span> <span class='ocrx_word' id='word_1_193' title='bbox 2470 3117 2716 3207; x_wconf 85' lang='lat' dir='ltr'><strong>Himja-</strong></span> 
     </span>
     <span class='ocr_line' id='line_1_25' title="bbox 435 3229 2714 3324; baseline 0.002 -33"><span class='ocrx_word' id='word_1_194' title='bbox 435 3229 715 3295; x_wconf 87' lang='lat' dir='ltr'><strong>rensium</strong></span> <span class='ocrx_word' id='word_1_195' title='bbox 777 3230 1034 3317; x_wconf 81' lang='lat' dir='ltr'><strong>lingua,</strong></span> <span class='ocrx_word' id='word_1_196' title='bbox 1108 3235 1161 3300; x_wconf 88' lang='lat' dir='ltr'><strong>si</strong></span> <span class='ocrx_word' id='word_1_197' title='bbox 1221 3258 1299 3300; x_wconf 84' lang='lat' dir='ltr'><strong>ex</strong></span> <span class='ocrx_word' id='word_1_198' title='bbox 1356 3234 1749 3324; x_wconf 87' lang='lat' dir='ltr'><strong>paucissimis</strong></span> <span class='ocrx_word' id='word_1_199' title='bbox 1793 3231 1928 3323; x_wconf 88' lang='lat' dir='ltr'><strong>ejus</strong></span> <span class='ocrx_word' id='word_1_200' title='bbox 1972 3231 2253 3320; x_wconf 90' lang='lat' dir='ltr'><strong>vestigiis</strong></span> <span class='ocrx_word' id='word_1_201' title='bbox 2308 3232 2714 3320; x_wconf 78' lang='lat' dir='ltr'><strong>linguaeque,</strong></span> 
     </span>
     <span class='ocr_line' id='line_1_26' title="bbox 436 3339 2717 3435; baseline 0.001 -29"><span class='ocrx_word' id='word_1_202' title='bbox 436 3364 605 3431; x_wconf 89' lang='lat' dir='ltr'><strong>quae</strong></span> <span class='ocrx_word' id='word_1_203' title='bbox 664 3343 725 3407; x_wconf 90' lang='lat' dir='ltr'><strong>ei</strong></span> <span class='ocrx_word' id='word_1_204' title='bbox 783 3345 1071 3431; x_wconf 83' lang='lat' dir='ltr'><strong>proxime</strong></span> <span class='ocrx_word' id='word_1_205' title='bbox 1136 3358 1418 3435; x_wconf 88' lang='lat' dir='ltr'><strong>cognata</strong></span> <span class='ocrx_word' id='word_1_206' title='bbox 1473 3347 1699 3426; x_wconf 83' lang='lat' dir='ltr'><strong>fuerit,</strong></span> <span class='ocrx_word' id='word_1_207' title='bbox 1768 3339 2165 3433; x_wconf 87' lang='lat' dir='ltr'><strong>aethiopicae</strong></span> <span class='ocrx_word' id='word_1_208' title='bbox 2219 3344 2463 3410; x_wconf 84' lang='lat' dir='ltr'><strong>vicinae</strong></span> <span class='ocrx_word' id='word_1_209' title='bbox 2502 3342 2717 3410; x_wconf 87' lang='lat' dir='ltr'><strong>indole</strong></span> 
     </span>
     <span class='ocr_line' id='line_1_27' title="bbox 434 3455 2717 3570; baseline 0 -50"><span class='ocrx_word' id='word_1_210' title='bbox 434 3477 540 3521; x_wconf 87' lang='lat' dir='ltr'><strong>res</strong></span> <span class='ocrx_word' id='word_1_211' title='bbox 591 3455 944 3546; x_wconf 87' lang='lat' dir='ltr'><strong>judicanda</strong></span> <span class='ocrx_word' id='word_1_212' title='bbox 1008 3469 1138 3540; x_wconf 81' lang='lat' dir='ltr'><strong>est,</strong></span> <span class='ocrx_word' id='word_1_213' title='bbox 1218 3460 1559 3547; x_wconf 88' lang='lat' dir='ltr'><strong>antiquiori</strong></span> <span class='ocrx_word' id='word_1_214' title='bbox 1621 3459 1898 3570; x_wconf 52' lang='lat' dir='ltr'><strong>segmoni</strong></span> <span class='ocrx_word' id='word_1_215' title='bbox 1950 3458 2159 3524; x_wconf 86' lang='lat' dir='ltr'><strong>minus</strong></span> <span class='ocrx_word' id='word_1_216' title='bbox 2216 3456 2385 3525; x_wconf 89' lang='lat' dir='ltr'><strong>culto</strong></span> <span class='ocrx_word' id='word_1_217' title='bbox 2440 3456 2717 3545; x_wconf 87' lang='lat' dir='ltr'><strong>ideoque</strong></span> 
     </span>
     <span class='ocr_line' id='line_1_28' title="bbox 437 3567 2714 3660; baseline 0 -26"><span class='ocrx_word' id='word_1_218' title='bbox 437 3567 761 3636; x_wconf 88' lang='lat' dir='ltr'><strong>hebraeae</strong></span> <span class='ocrx_word' id='word_1_219' title='bbox 840 3570 1114 3639; x_wconf 89' lang='lat' dir='ltr'><strong>dialecto</strong></span> <span class='ocrx_word' id='word_1_220' title='bbox 1195 3572 1452 3652; x_wconf 82' lang='lat' dir='ltr'><strong>similior</strong></span> <span class='ocrx_word' id='word_1_221' title='bbox 1519 3574 1731 3640; x_wconf 89' lang='lat' dir='ltr'><strong>fuisse.</strong></span> <span class='ocrx_word' id='word_1_222' title='bbox 1877 3573 2260 3660; x_wconf 85' lang='lat' dir='ltr'><strong>Quanquam</strong></span> <span class='ocrx_word' id='word_1_223' title='bbox 2320 3569 2493 3658; x_wconf 85' lang='lat' dir='ltr'><strong>haud</strong></span> <span class='ocrx_word' id='word_1_224' title='bbox 2549 3569 2714 3637; x_wconf 89' lang='lat' dir='ltr'><strong>adeo</strong></span> 
     </span>
     <span class='ocr_line' id='line_1_29' title="bbox 435 3683 2716 3786; baseline 0.001 -39"><span class='ocrx_word' id='word_1_225' title='bbox 435 3706 740 3771; x_wconf 87' lang='lat' dir='ltr'><strong>magnam</strong></span> <span class='ocrx_word' id='word_1_226' title='bbox 803 3684 999 3752; x_wconf 87' lang='lat' dir='ltr'><strong>fuisse</strong></span> <span class='ocrx_word' id='word_1_227' title='bbox 1059 3686 1195 3777; x_wconf 85' lang='lat' dir='ltr'><strong>ejus</strong></span> <span class='ocrx_word' id='word_1_228' title='bbox 1264 3686 1826 3755; x_wconf 85' lang='lat' dir='ltr'><strong>dissimilitudinem</strong></span> <span class='ocrx_word' id='word_1_229' title='bbox 1871 3687 2099 3786; x_wconf 72' lang='lat' dir='ltr'><strong>eadem</strong></span> <span class='ocrx_word' id='word_1_230' title='bbox 2138 3686 2373 3773; x_wconf 87' lang='lat' dir='ltr'><strong>probat</strong></span> <span class='ocrx_word' id='word_1_231' title='bbox 2411 3683 2716 3750; x_wconf 84' lang='lat' dir='ltr'><strong>remotior</strong></span> 
     </span>
    </p>
   </div>
   <div class='ocr_carea' id='block_1_4' title="bbox 520 3943 2714 4196">
    <p class='ocr_par' dir='ltr' id='par_1_5' title="bbox 520 3943 2714 4196">
     <span class='ocr_line' id='line_1_30' title="bbox 520 3943 2714 4014; baseline 0.003 -20"><span class='ocrx_word' id='word_1_232' title='bbox 520 3943 579 4010; x_wconf 85' lang='lat'><strong>1)</strong></span> <span class='ocrx_word' id='word_1_233' title='bbox 636 3943 701 3995; x_wconf 89' lang='lat' dir='ltr'><strong>de</strong></span> <span class='ocrx_word' id='word_1_234' title='bbox 749 3945 972 3996; x_wconf 84' lang='lat' dir='ltr'><strong>tribuum</strong></span> <span class='ocrx_word' id='word_1_235' title='bbox 1023 3946 1220 4014; x_wconf 83' lang='lat' dir='ltr'><strong>aliquot</strong></span> <span class='ocrx_word' id='word_1_236' title='bbox 1273 3947 1544 4000; x_wconf 81' lang='lat' dir='ltr'><strong>idiotismis</strong></span> <span class='ocrx_word' id='word_1_237' title='bbox 1682 3945 1859 3998; x_wconf 83' lang='lat' dir='ltr'><strong>Hariri</strong></span> <span class='ocrx_word' id='word_1_238' title='bbox 1906 3951 1961 3996; x_wconf 89' lang='lat' dir='ltr'><strong>et</strong></span> <span class='ocrx_word' id='word_1_239' title='bbox 2009 3944 2095 3996; x_wconf 83' lang='lat' dir='ltr'><strong>alii</strong></span> <span class='ocrx_word' id='word_1_240' title='bbox 2130 3945 2266 4014; x_wconf 87' lang='lat' dir='ltr'><strong>apud</strong></span> <span class='ocrx_word' id='word_1_241' title='bbox 2303 3947 2470 4014; x_wconf 79' lang='lat' dir='ltr'><strong>sacy,</strong></span> <span class='ocrx_word' id='word_1_242' title='bbox 2529 3945 2633 4001; x_wconf 84' lang='lat' dir='ltr'><strong>chr.</strong></span> <span class='ocrx_word' id='word_1_243' title='bbox 2672 3949 2714 4001; x_wconf 86' lang='grc' dir='ltr'><strong>Ι.</strong></span> 
     </span>
     <span class='ocr_line' id='line_1_31' title="bbox 647 4036 2711 4107; baseline 0.003 -22"><span class='ocrx_word' id='word_1_244' title='bbox 647 4053 698 4103; x_wconf 90' lang='lat' dir='ltr'><strong>p.</strong></span> <span class='ocrx_word' id='word_1_245' title='bbox 737 4038 860 4087; x_wconf 85' lang='lat'><strong>406.</strong></span> <span class='ocrx_word' id='word_1_246' title='bbox 911 4036 1100 4089; x_wconf 84' lang='lat' dir='ltr'><strong>anthol.</strong></span> <span class='ocrx_word' id='word_1_247' title='bbox 1153 4055 1225 4090; x_wconf 87' lang='lat' dir='ltr'><strong>ar.</strong></span> <span class='ocrx_word' id='word_1_248' title='bbox 1264 4057 1314 4107; x_wconf 90' lang='lat' dir='ltr'><strong>p.</strong></span> <span class='ocrx_word' id='word_1_249' title='bbox 1344 4043 1429 4091; x_wconf 82' lang='lat'><strong>64.</strong></span> <span class='ocrx_word' id='word_1_250' title='bbox 1468 4043 1556 4090; x_wconf 79' lang='grc'><strong>78.</strong></span> <span class='ocrx_word' id='word_1_251' title='bbox 1594 4040 1681 4089; x_wconf 67' lang='grc'><strong>89.</strong></span> <span class='ocrx_word' id='word_1_252' title='bbox 1723 4042 1843 4090; x_wconf 80' lang='grc'><strong>117.</strong></span> <span class='ocrx_word' id='word_1_253' title='bbox 1881 4040 2001 4089; x_wconf 84' lang='grc'><strong>168.</strong></span> <span class='ocrx_word' id='word_1_254' title='bbox 2057 4042 2186 4088; x_wconf 78' lang='lat' dir='ltr'><strong>text.</strong></span> <span class='ocrx_word' id='word_1_255' title='bbox 2241 4052 2315 4089; x_wconf 82' lang='lat' dir='ltr'><strong>ar.</strong></span> <span class='ocrx_word' id='word_1_256' title='bbox 2366 4036 2594 4090; x_wconf 82' lang='lat' dir='ltr'><strong>Nuwairi</strong></span> <span class='ocrx_word' id='word_1_257' title='bbox 2628 4055 2711 4107; x_wconf 87' lang='lat' dir='ltr'><strong>ap.</strong></span> 
     </span>
     <span class='ocr_line' id='line_1_32' title="bbox 649 4124 1817 4196; baseline 0 -19"><span class='ocrx_word' id='word_1_258' title='bbox 649 4124 851 4177; x_wconf 78' lang='lat' dir='ltr'><strong>Reiske</strong></span> <span class='ocrx_word' id='word_1_259' title='bbox 887 4126 954 4177; x_wconf 89' lang='lat' dir='ltr'><strong>ad</strong></span> <span class='ocrx_word' id='word_1_260' title='bbox 990 4128 1163 4180; x_wconf 87' lang='lat' dir='ltr'><strong>Abulf.</strong></span> <span class='ocrx_word' id='word_1_261' title='bbox 1201 4129 1263 4180; x_wconf 87' lang='lat' dir='ltr'><strong>A.</strong></span> <span class='ocrx_word' id='word_1_262' title='bbox 1297 4128 1364 4180; x_wconf 89' lang='lat' dir='ltr'><strong>T.</strong></span> <span class='ocrx_word' id='word_1_263' title='bbox 1402 4132 1452 4180; x_wconf 77' lang='lat'><strong>3.</strong></span> <span class='ocrx_word' id='word_1_264' title='bbox 1494 4146 1544 4196; x_wconf 88' lang='lat' dir='ltr'><strong>p.</strong></span> <span class='ocrx_word' id='word_1_265' title='bbox 1566 4131 1675 4179; x_wconf 82' lang='lat'><strong>380</strong></span> <span class='ocrx_word' id='word_1_266' title='bbox 1705 4142 1817 4193; x_wconf 82' lang='lat' dir='ltr'><strong>sqq.</strong></span> 
     </span>
    </p>
   </div>
   <div class='ocr_carea' id='block_1_5' title="bbox 514 4250 2712 4504">
    <p class='ocr_par' dir='ltr' id='par_1_6' title="bbox 514 4250 2712 4504">
     <span class='ocr_line' id='line_1_33' title="bbox 514 4250 2712 4326; baseline 0.002 -22"><span class='ocrx_word' id='word_1_267' title='bbox 514 4250 580 4319; x_wconf 81' lang='lat'><strong>2)</strong></span> <span class='ocrx_word' id='word_1_268' title='bbox 637 4267 684 4305; x_wconf 78' lang='lat' dir='ltr'><strong>v.</strong></span> <span class='ocrx_word' id='word_1_269' title='bbox 736 4251 1129 4307; x_wconf 84' lang='lat' dir='ltr'><strong>Ibn-Khaldun</strong></span> <span class='ocrx_word' id='word_1_270' title='bbox 1179 4272 1263 4325; x_wconf 85' lang='lat' dir='ltr'><strong>ap.</strong></span> <span class='ocrx_word' id='word_1_271' title='bbox 1319 4257 1456 4321; x_wconf 82' lang='lat' dir='ltr'><strong>Sacy</strong></span> <span class='ocrx_word' id='word_1_272' title='bbox 1509 4253 1644 4308; x_wconf 84' lang='lat' dir='ltr'><strong>anth.</strong></span> <span class='ocrx_word' id='word_1_273' title='bbox 1697 4273 1746 4326; x_wconf 89' lang='lat' dir='ltr'><strong>p.</strong></span> <span class='ocrx_word' id='word_1_274' title='bbox 1786 4258 1892 4307; x_wconf 83' lang='lat'><strong>169</strong></span> <span class='ocrx_word' id='word_1_275' title='bbox 1939 4270 2050 4321; x_wconf 83' lang='lat' dir='ltr'><strong>sqq.</strong></span> <span class='ocrx_word' id='word_1_276' title='bbox 2098 4259 2229 4306; x_wconf 80' lang='lat' dir='ltr'><strong>text.</strong></span> <span class='ocrx_word' id='word_1_277' title='bbox 2267 4270 2340 4307; x_wconf 84' lang='lat' dir='ltr'><strong>ar.</strong></span> <span class='ocrx_word' id='word_1_278' title='bbox 2379 4256 2431 4308; x_wconf 86' lang='lat' dir='ltr'><strong>in</strong></span> <span class='ocrx_word' id='word_1_279' title='bbox 2466 4255 2712 4309; x_wconf 80' lang='lat' dir='ltr'><strong>disserta-</strong></span> 
     </span>
     <span class='ocr_line' id='line_1_34' title="bbox 644 4342 2709 4417; baseline 0.003 -25"><span class='ocrx_word' id='word_1_280' title='bbox 644 4342 784 4393; x_wconf 80' lang='lat' dir='ltr'><strong>tione</strong></span> <span class='ocrx_word' id='word_1_281' title='bbox 843 4345 1108 4412; x_wconf 80' lang='lat' dir='ltr'><strong>scriptoris</strong></span> <span class='ocrx_word' id='word_1_282' title='bbox 1163 4346 1322 4398; x_wconf 73' lang='lat' dir='ltr'><strong>sobrii</strong></span> <span class='ocrx_word' id='word_1_283' title='bbox 1372 4346 1649 4397; x_wconf 79' lang='lat' dir='ltr'><strong>admodum</strong></span> <span class='ocrx_word' id='word_1_284' title='bbox 1713 4360 1850 4396; x_wconf 83' lang='lat' dir='ltr'><strong>sana.</strong></span> <span class='ocrx_word' id='word_1_285' title='bbox 1956 4344 2206 4398; x_wconf 85' lang='lat' dir='ltr'><strong>Pocockii</strong></span> <span class='ocrx_word' id='word_1_286' title='bbox 2273 4365 2413 4417; x_wconf 77' lang='lat' dir='ltr'><strong>spec.</strong></span> <span class='ocrx_word' id='word_1_287' title='bbox 2470 4349 2583 4401; x_wconf 86' lang='lat' dir='ltr'><strong>hist.</strong></span> <span class='ocrx_word' id='word_1_288' title='bbox 2617 4349 2709 4399; x_wconf 76' lang='lat' dir='ltr'><strong>Ar.</strong></span> 
     </span>
     <span class='ocr_line' id='line_1_35' title="bbox 647 4436 955 4504; baseline 0.013 -19"><span class='ocrx_word' id='word_1_289' title='bbox 647 4448 697 4501; x_wconf 85' lang='lat' dir='ltr'><strong>p.</strong></span> <span class='ocrx_word' id='word_1_290' title='bbox 740 4436 842 4485; x_wconf 79' lang='lat'><strong>156</strong></span> <span class='ocrx_word' id='word_1_291' title='bbox 878 4451 955 4504; x_wconf 71' lang='lat' dir='ltr'><strong>sq.</strong></span> 
     </span>
    </p>
   </div>
  </div>
 </body>
</html>
