2984 4959
428 332 576 409 216
753 327 869 396 De
921 306 1298 396 nominum
1349 319 1690 414 junctura
1741 331 1812 389 et
1861 308 2357 389 declinatione.

432 533 661 579 vocare
700 512 911 591 lubet,
981 532 1020 573 a
1062 516 1320 572 nostrae
1359 504 1619 591 linguae
1663 503 1914 570 casibus
1956 488 2329 569 alienissimi.
2449 500 2525 567 In
2569 498 2698 564 for-

433 626 548 690 mis
606 623 928 689 nominum
984 620 1191 687 multis
1246 641 1375 684 non
1440 629 1588 713 sunt
1638 618 1728 684 ita
1760 598 1896 682 ³nisi
1956 617 2092 682 duo
2148 636 2333 681 casus
2390 612 2697 680 distincti:

432 735 906 801 nominativus
965 746 1030 801 et
1083 758 1288 799 casas
1340 731 1695 821 obliquus-,⁰
1762 731 1865 796 hic
1909 751 2057 794 vero
2098 730 2163 794 in
2204 727 2421 794 formis
2464 737 2532 792 et
2574 726 2699 791 sre-

433 847 862 935 quentioribus
906 858 971 914 et
1013 845 1296 913 varietati
1343 845 1692 932 aptioribus
1735 843 2086 909 distinctius
2127 863 2347 908 rursus
2387 841 2452 906 in
2493 863 2702 905 accci-

434 962 737 1025 sativam
783 971 849 1026 et
883 959 1285 1048 genitivam
1333 959 1449 1045 (ea
1490 961 1616 1046 qua
1655 954 1719 1047 5.
1751 956 1880 1023 330
1922 955 2187 1022 diximus
2229 954 2487 1042 genitivi
2529 954 2701 1042 posi-

434 1074 605 1140 tione
663 1072 1058 1161 necessaria)
1120 1096 1263 1141 sese
1322 1073 1612 1153 diremit3
1680 1070 1844 1137 ultra
1883 1081 2015 1137 tres
2058 1081 2273 1136 autem
2316 1091 2502 1135 casus
2543 1069 2703 1135 tales

434 1186 918 1274 distinguendos
972 1187 1193 1275 lingua
1264 1185 1619 1253 secundum
1681 1184 1958 1250 indolem
2014 1208 2197 1250 suam
2250 1181 2316 1273 5.
2365 1183 2494 1250 330
2555 1204 2703 1271 pro-

434 1299 623 1388 gredi
684 1298 859 1366 haud
919 1311 1190 1388 poterat.
1299 1300 1650 1388 Possisque
1703 1322 1965 1366 casuum
2022 1295 2296 1365 duorum
2337 1296 2703 1363 declinatio-

436 1437 579 1481 nem
624 1424 772 1502 apte
814 1413 1340 1502 simpliciorem,
1402 1413 1664 1481 alteram
1699 1410 2186 1500 perfectiorem
2228 1408 2462 1475 dicere.

311 1673 414 1721 333
455 1710 460 1715 ,
513 1632 523 1639 ’
603 1634 966 1702 Perfectior
1022 1633 1355 1702 declinatio
1415 1635 1481 1701 in
1535 1632 1897 1720 singulari
1956 1632 2167 1699 locum
2224 1654 2409 1698 suum
2454 1630 2706 1710 invenit,

411 1760 573 1836 =tum
614 1760 798 1814 sueto
842 1746 1181 1832 singulari,
1237 1760 1375 1815 tum
1418 1748 1565 1812 sem.
1612 1767 1711 1831 sg.
1753 1747 1917 1851 ῑζ.)
1959 1757 2098 1811 tum
2141 1745 2446 1811 collectivi
2490 1746 2709 1811 formis

439 1879 773 1961 similibus,
836 1901 981 1944 cum
1031 1878 1419 1946 collectivum
1465 1900 1585 1967 per
1635 1901 1708 1944 se
1749 1900 1849 1964 sg.
1894 1899 2037 1944 esse
2084 1901 2122 1943 e
2162 1876 2226 1968 §.
2269 1878 2398 1944 304
2442 1888 2707 1946 constet.

440 1994 590 2058 Hac
647 1992 813 2059 enim
877 1991 1120 2057 formae
1177 1993 1436 2080 linguae
1481 1992 2026 2081 frequentissimae
2071 2004 2220 2059 sunt
2261 2002 2327 2057 et
2371 1992 2711 2058 maximam

402 2084 691 2196 'partem
749 2117 1138 2175 consonante
1194 2106 1344 2172 forti
1397 2106 1790 2174 terminatae.
1886 2106 1961 2171 In
2007 2107 2101 2173 his
2143 2107 2341 2195 igitur
2377 2108 2709 2175 nominati-

442 2245 554 2291 vus
597 2221 797 2289 vocali
840 2245 887 2287 ιι
932 2219 1262 2287 distinctus
1306 2232 1403 2287 est
1415 2245 1440 2299 3
1501 2245 1578 2301 a,
1620 2220 1727 2307 qui
1773 2220 1838 2284 iu
1867 2221 2126 2308 paucis,
2172 2243 2337 2309 quae
2380 2218 2543 2287 duos
2571 2238 2714 2287 tan-

442 2349 579 2403 tum
623 2359 808 2402 casus
849 2335 1218 2401 discernunt
1259 2335 1500 2416 formis,
1547 2356 1732 2399 casus
1777 2334 2013 2422 obliqui
2055 2356 2246 2399 sonus
2271 2344 2367 2401 est
2399 2331 2499 2423 (5.
2521 2333 2709 2422 338),

440 2453 505 2517 in
563 2450 854 2539 perfecta
907 2447 1325 2516 declinatione
1377 2448 1777 2513 accusativo
1825 2449 1915 2514 ita
1972 2450 2230 2529 mansit,
2298 2459 2372 2516 ut
2424 2449 2488 2514 in
2529 2451 2713 2536 geni-

443 2568 570 2632 tivo
629 2586 749 2652 pro
805 2587 883 2629 eo
943 2563 973 2626 i
1026 2573 1409 2651 compareat.
1437 2563 1714 2647 Atque
1756 2561 1844 2628 ita
1887 2559 2118 2650 duplex
2164 2561 2495 2630 declinatio
2546 2566 2713 2652 sing.

442 2680 532 2745 ita
588 2678 815 2743 habet.
885 2674 1189 2764 plurimae
1251 2673 1496 2740 formae
1536 2675 1726 2741 trium
1770 2698 2035 2743 casuum
2079 2688 2257 2744 sunt:
2326 2701 2374 2741 ιι
2421 2701 2620 2760 nom.‚
2684 2679 2715 2743 i

445 2813 633 2880 gen„
678 2813 725 2854 a
763 2813 938 2857 acc.·
921 2788 1319 2877 ,pauciores
1366 2787 1670 2854 duorum.
1719 2812 1767 2852 ιι
1809 2812 2013 2872 nom,
2058 2816 2104 2858 a
2149 2814 2276 2858 cas.
2321 2793 2445 2859 obl.

317 3059 425 3107 334
612 3018 690 3084 In
740 3017 841 3104 pt.
904 3026 1119 3083 autem
1185 3026 1250 3083 ct
1313 3014 1434 3084 da.
1492 3039 1749 3105 semper
1815 3020 2156 3109 simplicior
2220 3016 2556 3093 declinatio
2608 3048 2716 3091 ca-

446 3136 630 3198 suum
690 3129 963 3198 duorum
1020 3141 1289 3219 regnat,
1363 3153 1483 3219 pro
1529 3132 2039 3203 terminatiouum
2078 3133 2292 3203 indole
2335 3136 2505 3202 varia
2547 3138 2719 3204 varie

445 3272 807 3339 efformata:
859 3272 929 3357 l)
976 3272 1121 3339 fem.
1142 3271 1223 3361 pl.
1267 3245 1437 3325 33ss
1484 3288 1940 3370 consonantem
1981 3276 2233 3342 finalem
2255 3278 2501 3345 firmam
2524 3280 2721 3348 habet

448 3382 757 3449 vocalium
816 3386 1102 3454 varietati
1156 3385 1425 3481 maxime
1466 3387 1796 3472 idoneam.;
1851 3390 2050 3478 igitur
2085 3401 2235 3480 post
2277 3399 2307 3453 t
2349 3392 2415 3457 in
2457 3415 2624 3459 nom.
2671 3415 2720 3456 ιι

448 3510 578 3572 est,
645 3519 906 3586 prorsus
955 3511 1022 3568 ut
1062 3500 1128 3566 in
1172 3524 1272 3589 sg.
1315 3499 1379 3591 5.
1420 3502 1581 3585 333,
1641 3514 1709 3571 at
1761 3503 1825 3569 in
1883 3528 2037 3570 casu
2097 3504 2351 3592 obliquo
2395 3528 2722 3592 nunquam

447 3637 524 3688 a,
578 3610 695 3678 sed
744 3611 775 3677 i
787 3660 804 3692 ‚
865 3613 1267 3682 antecedenti
1335 3615 1576 3685 scilicet
1628 3616 1668 3682 a
1723 3638 1803 3681 ex
1857 3614 2086 3706 §.156
2131 3619 2295 3684 bene
2341 3618 2720 3708 oppositum.

448 3725 528 3811 2)
571 3725 690 3794 sed
729 3727 1276 3799 interminatione
1319 3754 1474 3799 msc.
1517 3730 1598 3820 pl.
1628 3712 1711 3798 'et
1755 3729 1861 3796 du.
1907 3753 2053 3798 cum
2099 3769 2151 3817 ω
2196 3733 2386 3799 finale
2427 3744 2502 3801 ut
2541 3734 2722 3803 litera

447 3850 594 3925 post
636 3840 917 3909 vocalem
958 3841 1216 3931 longam
1272 3843 1619 3929 admodum
1677 3842 1895 3939 debilis
1953 3855 2021 3914 et
2076 3847 2249 3912 fluxa
2309 3847 2593 3916 varietati
2640 3850 2725 3915 illi

455 3949 773 4018 notandae
831 3953 1005 4021 haud
1064 3940 1282 4043 aptum
1326 3958 1441 4038 sit,
1505 3957 1737 4024 vocalis
1779 3958 1993 4046 potius
2036 3959 2209 4047 prior
2251 3959 2447 4048 longa
2489 3963 2725 4030 variata
2782 3944 2792 3955 ’

456 4074 571 4131 est.
702 4063 960 4136 Scilicet
1030 4070 1093 4136 in
1155 4068 1235 4160 pl.
1293 4070 1709 4139 nominativus
1780 4073 1886 4142 hic
1953 4095 2213 4163 quoque
2288 4097 2445 4140 sono
2517 4098 2565 4139 ιι
2631 4074 2726 4142 di·-

978 4213 1011 4231 θ
2087 4221 2114 4235 e

455 4251 716 4331 stinctus
760 4261 890 4334 est,
965 4244 1176 4336 622³&
1217 4278 1400 4325 casus
1446 4258 1941 4349 obliquus'souo
1988 4260 2019 4323 i
2056 4271 2272 4351 fflss-'3
2310 4265 2374 4332 in
2419 4263 2525 4331 du.
2565 4240 2731 4366 2⁶35ss
