2984 4959
449 391 547 461 82
807 375 1037 470 Leges
1087 374 1411 444 radicum
1434 425 1456 459 ,
1518 373 1842 466 stirpium
1870 425 1889 456 ,
1940 369 2362 460 formarum.

2634 532 2668 566 ὅ
2687 547 2713 563 e

449 600 569 666 bus
640 593 954 687 quaedam
1008 596 1287 665 ultimam
1343 593 1589 661 literam
1647 593 2049 680 geminarunt
2118 591 2319 658 solum
2344 642 2363 672 ‚
2449 602 2522 657 ut
2578 595 2707 666 Qu,

450 711 767 800 quaedam
808 712 1089 777 vocalem
1130 693 1390 797 longam
1438 706 1713 772 mediam
1755 707 1995 771 habent
2051 710 2134 785 ιὶ,
2179 708 2238 785 ἲ,
2284 709 2356 788 εὶς
2415 704 2571 771 aliae
2611 728 2725 770 vo-

454 825 656 889 calem
710 824 1122 912 praemissam
1184 822 1280 888 vel
1340 822 1753 910 subjunctam.
1889 818 2025 885 Sed
2084 842 2303 886 omnes
2348 819 2470 885 hae
2509 830 2725 885 tamen

449 936 814 1026 postulante
873 935 1264 1004 formationis
1323 935 1473 1022 lege
1529 931 1613 1000 ad
1673 932 1859 997 trium
1902 954 2203 998 sonorum
2248 932 2725 998 consonantium

454 1048 758 1115 ambitum
815 1071 1159 1137 assurgere
1201 1059 1501 1137 possunt3
1557 1046 1699 1111 illae
1740 1055 2129 1111 consonante
2166 1044 2385 1110 ultima
2433 1046 2526 1112 bis
2568 1067 2721 1134 pro-

450 1161 784 1241 nunciata,
881 1161 1004 1227 hae
1074 1162 1274 1229 vocali
1346 1161 1411 1226 in
1476 1169 1929 1226 consonantem
1987 1169 2474 1223 consentaneam
2516 1181 2720 1239 versa,

449 1297 683 1362 nempe
722 1297 774 1337 ιι
816 1297 872 1340 v.
918 1276 946 1339 i
986 1276 1049 1340 in
1097 1274 1534 1341 semivocalem
1563 1301 1602 1349 ρ
1646 1297 1700 1340 v.
1746 1283 1802 1342 εξ
1826 1321 1845 1351 ,
1902 1294 1948 1334 a
1990 1271 2055 1335 in
2098 1270 2385 1359 spiritum
2425 1281 2719 1358 guttura-

450 1404 575 1470 lem
609 1375 658 1480 ⁵5.
769 1403 914 1477 Qua
975 1405 1220 1472 ratione
1274 1428 1638 1494 quanquam
1680 1401 1930 1470 radices
1974 1401 2096 1465 hae
2135 1394 2721 1490 unam'sequuntur

453 1512 886 1604 eandemque,
975 1520 1101 1605 qua
1181 1542 1397 1585 omnes
1466 1528 1815 1603 teguntur,
1909 1513 2217 1579 vocalium
2271 1513 2719 1580 variandarum

450 1626 696 1715 legem:
765 1629 939 1697 haud
993 1641 1204 1697 tamen
1261 1633 1426 1699 iutra
1482 1652 1592 1695 eas
1651 1626 1957 1694 vocalium
2011 1626 2448 1713 pronunciatio
2512 1648 2717 1714 aeque

449 1742 688 1807 stabilis
764 1753 831 1809 et
889 1744 1225 1829 perspicua
1280 1765 1422 1810 esse
1481 1752 1696 1829 potest
1750 1751 1942 1828 atque
1992 1739 2158 1806 intra
2220 1738 2471 1806 radices
2526 1739 2717 1809 trium

451 1854 932 1920 consonantium
987 1854 1276 1921 fortium:
1343 1852 1514 1921 unde
1569 1853 1794 1917 harum
1851 1850 2142 1916 formatio
2184 1852 2398 1933 firma,
2455 1876 2608 1920 sana
2651 1866 2718 1923 et

448 1987 710 2031 normae
751 1966 948 2033 instar
992 1964 1287 2033 habenda
1330 1976 1462 2047 est3
1503 1964 1748 2030 illarum
1793 1963 2013 2029 debilis
2057 1974 2122 2030 et
2161 1966 2365 2033 minus
2408 1966 2714 2053 perfecta.

444 2077 873 2167 Praestatque
927 2077 1011 2144 de
1053 2079 1176 2146 hac
1220 2078 1597 2144 formatione
1639 2076 1826 2142 debili
1865 2077 1931 2142 in
1974 2077 2326 2165 appendice
2368 2101 2584 2166 agere.

315 2298 422 2347 150
610 2268 716 2337 Ex
775 2267 900 2333 hac
954 2265 1242 2333 radicum
1295 2267 1770 2348 formandarum
1827 2269 1976 2357 lege
2016 2268 2325 2335 maximus
2368 2269 2568 2336 oritur
2607 2292 2712 2336 ra-

348 2387 388 2454 ·l·
445 2382 659 2449 dicum
702 2380 1109 2448 triliterarum
1152 2404 1452 2448 numerus
1496 2405 1734 2470 neque,
1799 2395 1872 2451 nt
1915 2384 1976 2448 in
2019 2382 2337 2472 radicibus
2378 2381 2713 2470 indo-ger-

439 2496 736 2570 manicis,
793 2495 1084 2560 radicum
1142 2494 1362 2561 literae
1425 2494 1511 2560 ad
1554 2515 1742 2560 unam
1787 2494 2089 2585 syllabam
2131 2498 2604 2567 conformentur
2647 2507 2713 2564 et

332 2651 349 2670 .
443 2620 674 2677 coeant
745 2631 1009 2675 necesse
1072 2617 1186 2673 est.
1313 2608 1451 2673 Imo
1512 2606 1741 2673 radicis
1799 2608 2235 2700 pronunciatio
2300 2610 2363 2673 in
2420 2610 2709 2676 omnibus

439 2722 658 2788 formis
699 2723 764 2786 in
806 2721 980 2784 duas
1023 2717 1289 2805 syllabas
1334 2719 1573 2805 vergit,
1638 2730 1710 2786 ut
1749 2719 1958 2786 media
1999 2719 2319 2802 radicaliS‚
2379 2722 2493 2789 nisi
2534 2735 2712 2791 muta

437 2835 553 2914 sit,
599 2832 881 2899 vocalem
924 2843 1139 2898 teneat
1180 2842 1246 2897 et
1289 2845 1625 2899 accentum
1666 2832 2078 2919 potissimum.
2169 2833 2306 2900 Sed
2348 2857 2709 2924 quanquam

436 2947 526 3012 ita
589 2946 788 3011 multo
853 2966 1044 3032 quam
1086 2944 1150 3009 in
1189 2942 1744 3031 indo-germanica
1784 2946 2002 3033 lingua
2046 2947 2244 3035 major
2286 2950 2489 3016 oritur
2537 2949 2708 3016 radi-

437 3080 582 3123 cum
642 3071 1009 3137 muneruss
1057 3057 1229 3123 haud
1284 3070 1496 3126 tamen
1555 3080 1774 3126 omnes
1833 3059 2050 3145 quovis
2108 3060 2332 3127 ordine
2389 3062 2604 3130 literas
2642 3064 2708 3129 in

434 3168 654 3235 radice
714 3170 1017 3257 copulare
1072 3170 1219 3238 licet
1266 3169 1354 3256 ¹).
1468 3170 1832 3238 Literarum
1889 3174 2283 3259 quarundam
2335 3198 2704 3258 concursus,

437 3306 582 3348 cum
613 3305 732 3370 per
773 3307 847 3349 se
886 3283 1178 3370 ingratus
1222 3294 1289 3351 et
1320 3283 1588 3350 difficilis
1632 3283 1745 3362 sit,
1785 3282 2010 3349 sedulo
2058 3287 2356 3356 evitatur:
2415 3289 2494 3374 1)
2531 3289 2706 3374 duae

431 3396 680 3484 priores
718 3395 1028 3464 radicales
1072 3399 1170 3463 vix
1202 3420 1493 3485 ⁴unquam
1536 3394 1799 3462 eaedem
1839 3409 2014 3479 sunt3
2073 3400 2262 3467 tertia
2304 3412 2517 3468 autem
2560 3426 2703 3470 sae-

433 3509 690 3598 pissime
737 3532 817 3574 ex
858 3509 1141 3576 secunda
1181 3534 1347 3598 quae
1407 3510 1749 3598 antiquitus
1790 3510 2008 3578 ultima
2050 3511 2170 3579 suit
2212 3511 2313 3602 (ἕ.
2342 3515 2539 3601 149),
2582 3538 2704 3604 ge-

432 3624 667 3689 minata
716 3633 862 3689 orta
920 3635 1051 3706 est,
1120 3624 1185 3688 in
1249 3626 1541 3690 omnibus
1586 3646 1794 3710 paene
1836 3624 2052 3690 formis
2097 3626 2180 3690 ab
2222 3627 2347 3693 hac
2387 3627 2560 3696 haud
2607 3628 2701 3695 di-

536 3917 599 3986 1)
637 3919 701 3972 cf.
757 3936 835 3987 gr.
892 3919 1032 3973 hebr.
1085 3935 1157 3971 cr.
1209 3938 1259 3988 p.
1300 3923 1419 3973 167.
1469 3926 1589 3977 168.
1642 3924 1762 3976 min.
1800 3925 1849 3990 5.
1872 3927 1977 3975 162
2021 3923 2111 3975 ubi
2142 3920 2376 3990 ,pluribus
2409 3916 2507 3972 hac
2540 3919 2606 3973 dc
2641 3936 2701 3975 re

643 4008 851 4062 dictum.
943 4010 1171 4064 Arabum
1218 4015 1537 4076 grammatici
1585 4015 1759 4070 literas
1807 4010 2227 4081 incompatibiles
2273 4010 2436 4062 dictas
2483 4026 2701 4074 enume-

638 4108 753 4152 rant
787 4100 910 4154 has=
964 4096 1350 4183 gutt.sinel3
1391 4099 1615 4205 ῳςώς
1677 4094 2319 4186 ὢῦὲυουὸυκῶζ,
2382 4081 2694 4196 εέῖὥὲζ

633 4212 957 4324 gensi-‚3
1028 4232 1168 4315 2³23
1230 4230 1398 4319 »ὸς
1457 4225 1822 4321 ῥῑόυὸωες
1892 4233 2258 4317 muham
2319 4233 2542 4340 σιώ
2605 4258 2696 4318 00

621 4354 905 4448 „ableg
965 4349 1217 4449 sola-253
1265 4362 1502 4462 2333
1566 4351 1821 4462 5533
1879 4349 2069 4449 2353
2132 4362 2304 4454 ὁὸ.
