2984 4959
466 318 611 388 112
1096 301 1325 377 Verbi
1372 312 1705 400 tempora
1752 315 1824 376 et
1866 302 2087 380 modi.

531 543 600 598 11.
673 542 754 597 De
791 550 1079 613 temporum
1114 547 1167 596 et
1199 540 1469 598 modorum
1505 556 1940 612 personarumque
1984 546 2184 600 ratione
2229 548 2284 596 et
2330 541 2648 597 formatione.

335 701 441 753 193
624 678 766 761 ‘Tot
814 694 943 760 hae·
993 705 1060 763 et
1118 705 1248 763 tam
1304 695 1474 761 varie
1516 692 1827 763 formatae
1867 696 2043 763 verbi
2083 697 2310 784 stirpes
2349 718 2544 763 unam
2582 706 2724 764 tan-

460 817 599 877 tum
656 801 908 880 habere,
943 818 1213 896 possunt
1266 819 1627 897 temporum
1683 820 1751 876 et
1805 808 2140 876 modorum
2180 832 2749 898 personarumque.

457 920 900 988 formationem
921 970 939 1002 ‚
1007 930 1081 989 ut
1141 921 1452 988 Arabibus
1516 943 1720 1010 aeque
1772 946 1853 989 ac
1917 925 2145 992 ceteris
2186 926 2436 1014 populis
2471 927 2554 992 ab
2594 925 2722 992 ori-

455 1035 615 1124 gine
655 1058 871 1100 unam
913 1044 1161 1102 tantum
1204 1033 1602 1124 eandemque
1643 1036 2159 1127 conjugationem
2201 1039 2396 1106 fuisse
2441 1039 2674 1108 videas.

327 1226 436 1280 194
621 1205 1018 1293 Temporum
1057 1201 1554 1293 modorumque,
1618 1228 1782 1295 qnae
1836 1217 1972 1273 tum
2018 1193 2435 1296 personarum
2474 1208 2720 1278 indiciis

450 1319 631 1407 stirpi
697 1329 808 1386 aut
864 1316 1105 1386 suffixis
1163 1327 1273 1384 aut
1333 1319 1742 1407 praepositis,
1799 1331 1932 1387 tum
1988 1319 2295 1387 vocalium
2334 1321 2502 1387 intra
2543 1322 2718 1412 ipsas

451 1416 689 1501 soi-mas
728 1432 1032 1498 varietate
1079 1428 1552 1518 distinguuntur
1593 1428 1696 1521 (g.
1724 1432 1872 1499 214.
1915 1432 2117 1519 234),
2173 1433 2237 1498 in
2281 1433 2563 1502 sema-ica
2602 1434 2716 1499 lin-

448 1548 584 1635 gua
635 1555 886 1613 constat
938 1566 1080 1611 esse
1131 1544 1458 1611 rationem*
1501 1554 1568 1617 et
1621 1543 1897 1611 indolem
1940 1568 1979 1611 a
2015 1548 2233 1614 nostra
2276 1547 2493 1637 lingua
2532 1548 2716 1616 indo-

448 1658 818 1748 germanica
859 1656 1041 1723 valde
1079 1655 1408 1724 diversam.
1509 1657 1699 1732 Quae
1742 1681 1887 1724 cum
1926 1659 2211 1749 primitus
2253 1662 2375 1727 tria
2415 1663 2715 1752 temporis

248 1751 251 1754 ¹
350 1829 353 1832 .
448 1794 616 1861 quae
657 1769 926 1857 cogitari
966 1779 1235 1857 possunt
1275 1767 1758 1858 (praeteritum,
1818 1770 2099 1838 futurum
2118 1823 2137 1853 ‚
2193 1773 2532 1863 praesens)
2575 1799 2713 1842 rno-

450 1884 806 1971 dorumque
864 1880 1222 1950 discrimina
1290 1892 1356 1949 et
1410 1884 1612 1971 probe
1666 1884 1934 1953 senserit
1977 1895 2040 1953 et
2084 1883 2317 1954 formas
2361 1887 2714 1957 distinxerit

446 1997 837 2089 perspicuiS‚
877 1996 1163 2063 semitica
1202 1996 1419 2084 lingua
1440 1997 1625 2062 intra
1667 1995 1827 2064 duas
1870 1999 2145 2069 substitit
2186 2001 2421 2068 formas
2463 2012 2710 2091 tempo-

443 2114 532 2180 ris
582 2105 885 2199 modique
948 2108 1284 2179 discrimen
1351 2109 1710 2175 universum
1774 2120 2017 2179 tantum
2063 2112 2500 2200 exprimentes.
2611 2112 2711 2180 Ad

445 2248 604 2318 quas
649 2244 984 2292 accessere
1027 2220 1283 2312 quidem
1322 2222 1387 2287 in
1426 2221 1643 2309 lingua
1687 2223 2014 2291 excultiori
2052 2236 2121 2294 et
2162 2226 2416 2292 arabica
2454 2228 2708 2315 potissi-

442 2362 618 2409 mum
671 2338 943 2410 dialecto
1007 2336 1220 2404 variae
1260 2337 1578 2423 tempora
1646 2336 2001 2426 modosque
2072 2340 2430 2407 accuratius
2493 2341 2708 2409 distin-

442 2453 686 2543 guendi
739 2452 1050 2531 rationes,
1130 2457 1206 2516 ut
1255 2448 1321 2514 in
1347 2503 1353 2508 .
1377 2458 1513 2517 toto
1568 2450 1919 2516 sententiae
1990 2471 2156 2517 nexu
2212 2475 2435 2521 sensus
2489 2478 2708 2522 eorum

442 2589 697 2657 semper
766 2567 849 2634 sit
907 2561 1282 2653 perspicuus
1350 2572 1417 2629 et
1472 2571 1719 2629 certus:
1786 2572 1853 2629 at
1915 2584 2237 2651 nunquam
2287 2566 2508 2655 lingua
2566 2577 2706 2636 eam

438 2702 611 2769 quae
643 2679 925 2765 linguam
969 2673 1585 2762 indo-germanicam
1626 2675 1944 2760 nobilitat,
1997 2678 2519 2766 perspicuitatem
2561 2705 2706 2751 cum

442 2792 866 2872 concinnitate
907 2787 1308 2878 conjunctam
1350 2797 1541 2855 nacta
1581 2799 1695 2855 est.

316 2992 422 3044 195
605 2962 797 3030 Duae
838 2958 964 3026 hae
1005 2959 1248 3025 formae
1286 2958 1377 3027 ita
1418 2959 1752 3040 differunt,
1793 2971 1866 3028 ut
1908 2959 2108 3027 altera
2142 2982 2279 3026 rem
2306 2959 2703 3049 perfectam

438 3061 647 3166 coque
699 3085 1000 3153 certam,
1057 3070 1258 3139 altera
1314 3073 1621 3139 nondum
1650 3072 2049 3162 perfectam
2109 3097 2318 3162 eoque
2363 3076 2701 3148 incertam

436 3191 748 3258 enunciet.
874 3190 1060 3264 Quae
1120 3186 1212 3253 vis
1277 3184 1361 3252 ad
1429 3187 1757 3274 temporis
1795 3235 1798 3240 -
1830 3186 2060 3256 diversi
2124 3187 2512 3255 notationem
2576 3187 2705 3254 hoc

431 3303 632 3385 valet,
673 3313 747 3369 ut
789 3301 992 3368 forma
1033 3300 1209 3389 prior
1250 3312 1501 3388 tempus
1531 3321 1664 3387 per
1653 3297 1933 3385 fectum
1957 3313 2038 3369 et
2064 3299 2457 3382 absolutum,
2505 3300 2702 3368 altera

433 3406 953 3528 imperfectum,
1042 3425 1153 3482 aut
1228 3416 1521 3482 universe
1579 3410 1862 3478 futurum
1926 3424 2056 3481 aut
2098 3426 2398 3503 coeptum
2455 3425 2700 3483 tantum

432 3487 712 3593 necdum
753 3523 1108 3593 absolutum
1142 3528 1333 3595 sistat.
1421 3525 1557 3593 Sed
1584 3523 1751 3590 idem
1784 3524 1868 3590 ad
1892 3526 2170 3592 modum
2201 3527 2365 3596 valet
2392 3551 2520 3617 quo
2544 3527 2697 3616 quid

431 3641 757 3730 ponimus;
823 3635 996 3727 quod
1051 3641 1214 3705 enim
1255 3639 1427 3707 haud
1460 3639 1851 3729 perfectum,
1911 3639 1977 3705 id
2011 3640 2328 3714 incertum
2371 3652 2438 3709 et
2480 3641 2698 3708 condi-

428 3754 584 3821 tioni
626 3752 982 3844 subjectum
1025 3762 1155 3835 est3
1201 3753 1374 3841 quod
1417 3755 1775 3843 perfectum
1819 3751 1886 3817 id
1924 3752 2278 3823 absolutum
2322 3766 2388 3822 et
2429 3765 2695 3821 certum.

427 3864 622 3933 Unde
670 3865 886 3931 formis
936 3863 1032 3931 his
1078 3865 1258 3930 simul
1295 3866 1672 3933 indicativi
1726 3878 1794 3935 et
1840 3864 2268 3956 subjunctivi
2309 3869 2473 3936 inest
2519 3869 2693 3936 notio

427 3979 870 4066 neglectisque
938 3978 1242 4066 temporis
1323 3978 1657 4045 intervallis
1745 3978 2007 4045 diversis
2086 3980 2259 4046 modi
2334 3980 2695 4048 discrimine

425 4102 766 4180 ponuntur.
854 4091 1102 4165 Quibus
1147 4090 1363 4156 formis
1406 4091 1653 4178 amplae
1696 4089 2042 4157 admodum
2086 4106 2150 4164 et
2191 4119 2432 4184 vagae,
2495 4120 2693 4186 quan-

429 4228 620 4294 quam
673 4226 744 4271 se
810 4203 973 4269 inter
1037 4203 1202 4269 bene
1272 4201 1639 4287 distinctae,
1705 4207 2177 4296 significationis
2220 4219 2438 4276 nostra
2475 4210 2692 4298 lingua

427 4341 553 4384 non
612 4316 807 4384 habet
871 4333 1047 4411 quae*
1085 4314 1530 4408 respondeant,
1647 4319 1893 4395 Quodsi
1953 4343 2063 4387 eas
2120 4321 2584 4408 praeteritum
2628 4333 2692 4389 et
