2984 4959
454 345 607 425 266
1092 339 1405 411 Radices
1450 339 1748 411 ultimae
1785 378 1827 430 2
1871 352 1946 410 et
1997 361 2092 426 4?-

618 549 727 619 Ex
792 548 890 617 bis
932 549 1069 640 jam
1135 548 1426 617 omnibus
1480 547 1695 617 literas
1749 576 1791 627 2
1843 560 1910 618 et
1965 559 2023 622 εξ
2080 546 2615 640 pronunciationis
2662 558 2738 616 et

435 663 740 732 ‘flexionis
812 662 871 730 vi
937 663 1192 752 saepius
1260 685 1452 730 sonos
1497 684 1648 731 suos
1688 663 1953 731 invicem
2002 672 2395 732 commutare
2439 670 2733 750 apparet.

447 780 657 867 Atque
708 776 892 845 latius
933 766 1126 843 etiam
1167 775 1331 842 baec
1364 774 1691 843 literarum
1732 777 1958 845 harum
2000 776 2408 846 commutatio
2449 774 2540 842 ita
2583 796 2732 840 ser·
2834 774 2841 781 ’

446 891 574 980 pit,
643 899 717 958 ut
768 912 886 979 pro
914 917 954 966 9
996 899 1063 957 et
1100 899 1157 963 ’.ᾇ
1222 910 1418 955 unum
1456 899 1515 976 εξ
1581 903 1950 980 usurpetur.
2073 888 2211 961 Sed
2271 890 2337 956 in
2404 886 2731 955 arabismo

447 1016 661 1073 tamen
709 1002 1034 1072 literarum
1103 1025 1184 1069 ex
1245 1002 1494 1090 origine
1551 999 1889 1071 discrimen
1947 1005 2101 1072 satis
2145 1003 2359 1071 adhuc
2395 1003 2731 1088 integrum

446 1120 515 1187 e't
576 1117 882 1185 illibatum
939 1127 1262 1198 servatur3
1328 1138 1492 1182 nam·
1531 1116 1598 1181 in
1638 1119 1773 1185 tota
1812 1119 1989 1185 verbi
2031 1128 2097 1186 et
2138 1115 2404 1184 nominis
2444 1114 2729 1181 flexione

443 1230 567 1298 levi
598 1260 637 1309 2
681 1253 935 1320 semper
976 1229 1114 1297 fere
1164 1230 1236 1316 ¹)
1290 1253 1331 1297 a
1377 1231 1637 1318 gemino
1675 1241 1732 1303 ⁴2?
1775 1240 2091 1298 secretum
2137 1231 2454 1310 cernitur,
2517 1250 2726 1316 quan-

349 1382 355 1388 =
445 1366 636 1432 quam
697 1343 763 1409 in
818 1343 1129 1412 nonnullis
1187 1344 1407 1412 formis
1485 1343 1719 1434 duplex
1781 1344 1997 1411 -forma
2038 1345 2102 1410 in
2145 1368 2335 1412 unam
2377 1343 2726 1433 simplicem

373 1434 392 1449 ⁶
442 1457 532 1526 ita
572 1456 835 1526 redacta
874 1468 974 1525 est
991 1509 1011 1540 ‚
1071 1469 1144 1527 ut
1185 1457 1483 1526 formatio
1527 1480 1645 1549 per
1682 1469 1739 1531 εξ
1779 1458 2218 1547 praevaluerit.
2302 1460 2379 1525 In
2406 1458 2726 1546 scriptura

443 1571 725 1641 similiter
782 1595 976 1639 sonus
1032 1573 1073 1639 a
1131 1594 1214 1639 ex
1253 1607 1298 1653 ,ρ
1358 1583 1536 1640 ortus
1593 1594 1723 1639 non
1782 1571 2151 1661 exprimitur
2205 1586 2325 1661 per
2370 1558 2422 1650 l,
2494 1572 2613 1638 nisi
2651 1571 2722 1636 in

441 1685 745 1773 stirpibus
805 1685 982 1752 verbi
1044 1684 1339 1776 simplicis
1397 1685 1558 1775 perf.
1603 1697 1670 1753 et
1712 1684 2034 1752 nominum
2076 1683 2375 1753 similibus
2395 1735 2414 1768 ‚
2479 1685 2724 1773 qnippe

438 1798 505 1863 in
566 1798 794 1886 quibus
853 1796 1070 1864 formis
1132 1819 1325 1864 sonus
1366 1797 1714 1887 primitivus
1767 1820 1817 1861 u
1859 1798 2135 1864 flexione
2177 1797 2390 1866 adhuc
2431 1808 2721 1866 servatus

2255 1901 2288 1933 ο
2305 1916 2329 1930 .

381 2012 386 2017 .
440 1967 573 2040 est3
614 1956 682 2024 in
725 1956 958 2026 ceteris
1002 1956 1221 2025 formis
1263 1924 1525 2046 semper
1567 1967 1625 2030 εξ
1665 1955 2003 2039 scribitur,
2047 1969 2119 2026 nt
2163 1916 2332 2056 (ἑοὺς
2367 1980 2450 2025 ex
2478 1949 2644 2040 5⁶⁵)-

303 2200 418 2250 395
608 2167 733 2236 His
774 2166 1187 2258 praemunitis
1230 2177 1305 2236 ut
1346 2167 1431 2234 ad
1473 2167 1725 2256 singula
1769 2177 2201 2251 transeamus,
2257 2177 2396 2235 tota
2433 2167 2626 2234 flexio
2672 2191 2715 2234 e

335 2326 340 2333 ⁴
435 2284 666 2350 natura
708 2284 823 2349 sua
866 2281 1098 2371 duplex
1141 2293 1258 2350 est.
1342 2281 1558 2349 Altera
1595 2280 1797 2347 vocali
1838 2282 2013 2348 brevi
2043 2280 2384 2348 radicalem
2429 2281 2713 2351 ultimam

439 2393 905 2487 praecedente,
949 2406 1023 2463 ut
1067 2396 1233 2462 haec
1273 2395 1479 2461 rarius
1522 2405 1769 2462 tantum
1808 2393 1873 2460 in
1919 2396 2358 2463 semivocalem
2399 2397 2712 2464 transiens

438 2521 761 2592 servetur,
807 2510 873 2577 in
914 2509 1197 2599 plurimis
1237 2520 1462 2577 contr-a
1506 2509 1724 2578 formis
1760 2510 1841 2577 sit
1884 2511 2258 2594 contractio;
2300 2520 2527 2599 estque
2548 2511 2715 2577 haec

435 2625 630 2691 flexio
694 2624 870 2691 verbi
934 2623 1129 2691 totius
1191 2624 1642 2713 nominumque
1699 2624 1989 2713 plurium.
2098 2625 2313 2693 Altera
2369 2625 2506 2692 sine
2555 2648 2712 2691 con-

435 2738 751 2805 tractione
769 2787 789 2818 ‚
855 2735 1286 2827 praecedente
1340 2737 1621 2807 ultimam
1665 2749 1778 2807 aut
1826 2738 2029 2806 vocali
2084 2738 2279 2827 longa
2326 2750 2437 2806 aut
2480 2761 2712 2807 conso-

435 2861 628 2918 nante
668 2850 870 2917 vocali
914 2853 1133 2918 vacua.

298 3067 413 3117 396
608 3043 669 3108 1.
711 3042 788 3108 In
834 3042 1031 3134 stirpe
1074 3041 1247 3111 verbi
1299 3041 1582 3132 simplice
1625 3042 1944 3110 flectenda
1992 3063 2119 3109 non
2179 3040 2519 3109 discrimen
2556 3051 2709 3111 tan-

431 3166 568 3224 tum
614 3179 918 3224 sonorum
953 3185 984 3236 2
1028 3167 1095 3226 et
1130 3167 1187 3231 εξ
1223 3168 1544 3238 servatur,
1613 3155 1729 3223 sed
1782 3178 2001 3251 omnes
2052 3154 2240 3222 etiam
2292 3157 2559 3253 generis.
2600 3182 2711 3225 va-

335 3400 338 3403 .
428 3344 706 3412 rietates.
792 3345 1003 3433 Igitur
1032 3343 1110 3433 l)
1151 3344 1314 3434 perf.
1351 3367 1392 3411 a
1437 3369 1493 3410 v.
1524 3372 1563 3421 2
1601 3300 1704 3394 [ἑὲ
1742 3341 2045 3423 vocavit,
2089 3298 2190 3430 ij}
2224 3341 2706 3432 oppugnavit,-

428 3532 689 3600 intrans.
729 3523 865 3633 (ἐξ)
903 3555 988 3603 ex
1024 3521 1155 3632 ,ᾧ
1220 3529 1607 3597 delectatus
1661 3540 1802 3606 est,
1855 3513 1977 3630 9555.
2002 3551 2084 3595 ex
2107 3515 2205 3607 ,ix
2227 3526 2708 3616 obviqmfieri,

432 3724 579 3848 3:3ss
615 3790 695 3833 ex
721 3751 863 3846 ,β
897 3765 1170 3831 dulcem
1210 3788 1375 3840 esse,
1400 3708 1527 3848 ,ἐκ
1558 3785 1939 3854 generosus
1966 3760 2149 3850 fuit.
2265 3765 2321 3830 A
2369 3785 2421 3832 r.
2464 3770 2524 3838 ἐξ
2575 3784 2709 3863 ⁴3⁴³

438 3851 530 3870 0⁸9

536 4086 598 4153 1)
645 4084 696 4136 in
751 4083 1007 4136 nonnullis
1065 4083 1199 4136 enim
1213 4121 1230 4148 ‚
1292 4088 1351 4136 nt
1398 4082 1597 4135 Kamus
1646 4096 1805 4149 saepe
1841 4086 1986 4134 notat
2002 4119 2019 4146 ,
2060 4110 2097 4161 9
2134 4087 2189 4135 et
2227 4096 2284 4159 (ἃς
2318 4083 2600 4151 fluctuant,
2648 4093 2711 4139 ut

655 4195 957 4262 plerumque
998 4226 1037 4278 9
1085 4197 1139 4250 in
1180 4211 1236 4273 g,-
1269 4193 1562 4259 transierit3
1613 4191 1750 4246 unde
1786 4192 1985 4248 Kamns
2021 4194 2227 4248 omnino
2262 4194 2438 4248 literas
2473 4195 2567 4250 bas
2600 4214 2706 4251 non

2120 4300 2148 4331 ³
2167 4298 2228 4331 0.

651 4330 896 4408 secretas
914 4353 1137 4410 exhibet.
1210 4356 1289 4410 Ita
1326 4312 1458 4413 [ai-g
1492 4362 1549 4408 et
1585 4312 1740 4456 φλ
1757 4402 1780 4436 ‚
1812 4354 2017 4423 imperf.
2045 4370 2218 4442 ,μὶν
2253 4364 2600 4409 veterascere.
