2984 4959
475 370 621 443 138
1008 417 1021 434 ,
1350 351 1584 425 Verbi
1605 349 1612 354 ’
1634 352 1870 423 flexio.

1163 511 2061 639 Stirpes'reliquae.

766 692 931 761 pass.
1962 674 2083 731 act.

570 777 768 845 imperf.
865 780 874 788 '
1025 774 1153 844 perf.
1468 774 1662 843 imper.
1861 772 2060 841 imperf.
2326 770 2455 841 perf.

575 883 607 914 2
621 882 704 912 ‘00
724 882 755 913 0
774 882 803 914 3
1002 896 1029 912 a
1092 877 1154 910 02
1168 878 1230 910 0³
1478 877 1511 908 0
1564 876 1702 907 veo-o
1873 876 1906 909 ὃ
1949 876 2013 908 Oa
2028 875 2097 907 00
2165 874 2181 898 <
2282 892 2311 909 a
2333 876 2495 908 «oeus-o

574 931 592 1010 l
617 929 716 1017 ,σὴς
775 958 804 1025 ,ἔ
1012 930 1028 1010 1
1054 928 1154 1041 20⁰·-
1209 925 1229 988 ἱ
1484 927 1501 1007 1
1527 925 1627 1036 “u--
1683 923 1702 986 ὓ
1867 924 1884 1005 ³
1909 923 2011 1034 “w-o
2075 988 2094 1020 8
2279 928 2295 1008 l
2320 924 2421 1013 ,νη
2475 924 2494 987 ς
2568 919 2666 988 lo·

1471 1080 1504 1117 ο
1575 1096 1601 1111 3
1620 1082 1701 1113 0-0
1941 1072 1971 1114 ἐ.
2001 1076 2095 1116 x„
2267 1081 2300 1115 ω
2371 1081 2493 1113 ,ωηο

1471 1125 1701 1218 ,μιμεῖ
1929 1129 2095 1225 ᾼῳῑ,
2255 1126 2488 1218 ,supi
2562 1120 2663 1185 11.

598 1255 672 1322 3
692 1289 751 1322 υ
774 1291 804 1324 3
1039 1278 1066 1322 ’3
1165 1286 1228 1319 ω
1408 1297 1417 1302 ,
1520 1228 1576 1320 ‘o
1629 1287 1706 1320 ο.
1873 1288 1906 1321 3
1986 1287 2047 1319 0
2067 1289 2098 1320 3
2384 1288 2496 1321 00
2523 1251 2747 1413 quzldr.

566 1336 802 1434 >ln-2⁶5⁹
1023 1333 1226 1432 2„an
1524 1333 1701 1447 μ’
1859 1332 2097 1431 >¹244
2312 1335 2508 1430 μ’

555 1497 629 1532 3
665 1497 720 1529 o
746 1499 804 1530 3

529 1495 1224 1641 ,τα-ιαὲ-εα-ιυ
1447 1493 2661 1637 Jss-i‘jfflss-wz

1061 1855 1131 1910 Π.
1201 1857 1284 1910 De
1316 1858 1540 1911 nominis
1573 1861 1820 1929 stirpibus
1856 1865 1910 1913 et
1945 1860 2137 1914 formis.

326 2024 435 2075 235
629 2006 979 2073 Nominum
1021 2008 1252 2096 stirpes
1301 2010 1574 2075 maxime
1617 2020 1767 2077 sunt
1802 2010 2016 2076 variae
2051 2021 2118 2076 et
2142 2030 2542 2084 numerosae,
2585 2032 2745 2098 quas

462 2121 632 2187 nulla
674 2122 1007 2209 hucusque
1048 2124 1471 2210 grammatica
1513 2148 1733 2192 omnes
1776 2124 2167 2191 enarraverit
2187 2174 2206 2204 ,
2250 2121 2486 2189 nedum
2529 2122 2744 2212 dispo-

461 2236 660 2303 suerit
713 2236 881 2301 bene
947 2225 1015 2302 et
1077 2236 1462 2325 explicuerit.
1593 2237 1731 2305 Sed
1797 2249 2069 2328 possunt
2133 2248 2350 2305 tamen
2406 2237 2743 2304 maximam

458 2360 709 2438 partem
766 2350 930 2414 bene
988 2347 1283 2438 dignosci
1328 2362 1394 2418 et
1432 2349 1518 2418 ad
1562 2352 1842 2441 origines
1885 2375 2034 2419 suas
2078 2351 2500 2437 notionesque
2541 2355 2741 2438 pecu-

456 2466 642 2532 liares
705 2464 962 2546 reduci,
1029 2463 1331 2553 imprimis
1393 2465 1502 2532 ubi
1557 2464 1864 2535 dialectos
1922 2466 2238 2533 semiticas
2307 2486 2530 2530 omnes
2587 2487 2739 2553 pru-

459 2578 686 2647 denter
728 2576 1208 2668 comparaveris.

331 2811 440 2861 236
631 2800 797 2866 Sunt
852 2808 1067 2865 autem
1121 2797 1378 2864 nomina
1439 2819 1521 2863 ea
1563 2799 1754 2866 etiam
1796 2800 2026 2889 quibus
2070 2808 2486 2886 augmentum
2530 2809 2737 2866 exter-

458 2935 612 2979 num
667 2912 904 2978 nullum
966 2910 1281 3006 accessit,
1340 2934 1381 2977 a
1419 2911 1627 2978 verbis
1672 2921 1808 2977 tum
1848 2912 2291 2979 terminatione
2333 2911 2536 2979 vocali
2584 2912 2735 2979 satis

458 3026 757 3094 distincta
798 3021 1044 3115 (§.332
1059 3022 1212 3114 sq.),
1255 3035 1393 3092 tum
1416 3008 1741 3104 v'ocalibus
1765 3026 1930 3092 intra
1954 3024 2236 3092 radicem
2265 3027 2740 3106 alternantibus,

455 3164 621 3229 quae
663 3140 717 3207 si
760 3139 1215 3228 simplicissima
1258 3140 1534 3229 excipias
1577 3136 1678 3230 (§.
1693 3140 1822 3206 239
1837 3139 1991 3228 sq.),
2022 3138 2348 3227 longiores
2386 3142 2568 3208 simul
2589 3151 2737 3209 sunt

456 3267 524 3322 et
562 3255 911 3337 firmiores3
974 3255 1239 3321 verbum
1282 3253 1448 3319 enim
1489 3253 1553 3318 in
1618 3253 1978 3320 universum
2032 3266 2468 3324 transeuntem
2538 3258 2736 3325 actio-

454 3390 602 3433 nem
653 3366 751 3431 vel
801 3366 1199 3453 qualitatem,
1269 3390 1502 3434 nomen
1543 3378 1903 3434 manentem
1946 3379 2161 3453 notat3
2203 3369 2570 3458 multaeque
2615 3394 2735 3437 no-

453 3480 693 3548 minum
755 3479 1002 3545 formae
1057 3504 1098 3547 a
1152 3481 1326 3548 verbi
1384 3480 1686 3569 stirpibus
1733 3492 1881 3549 sunt
1923 3480 2244 3549 deductae
2291 3481 2393 3574 (ἕ.
2423 3486 2553 3550 272
2586 3483 2737 3572 sq.).

455 3599 739 3676 Formae
764 3597 858 3663 vis
890 3619 1056 3684 quae
1081 3596 1163 3663 sit
1201 3596 1498 3685 stirpibus
1541 3595 1673 3676 his,
1722 3595 1958 3683 optime
2006 3606 2072 3664 et
2116 3598 2465 3664 certissime
2506 3618 2584 3660 ex
2619 3619 2734 3661 no-

454 3714 725 3780 minibus
767 3709 1147 3801 perspicitur
1187 3733 1459 3800 quorum
1505 3720 1718 3799 etyma
1756 3719 2004 3777 exstant
2046 3713 2211 3777 bene
2261 3708 2735 3798 cognoscenda.

456 3828 644 3901 Quae
703 3849 854 3894 vero
913 3823 1164 3913 singula
1221 3834 1285 3890 et
1340 3848 1381 3890 a
1427 3822 1752 3890 radicibus
1809 3823 1948 3890 suis‘
1985 3823 2230 3892 divulsa.
2271 3836 2418 3893 sunt
2459 3824 2734 3905 nomina,

453 3952 527 4007 ut
590 3940 946 4006 animalium
966 3991 985 4021 ,
1081 3937 1438 4026 plantarum
1458 3987 1476 4019 ,
1564 3939 1998 4005 membrorum
2022 3989 2041 4021 ,
2129 3938 2451 4006 hominum
2527 3938 2733 4026 (nom.

455 4052 711 4143 prop.),
787 4075 1009 4119 eorum
1074 4051 1320 4117 formae
1389 4061 1601 4140 etymo
1674 4052 2007 4120 obliterato
2074 4055 2326 4145 saepius
2382 4077 2511 4119 non
2570 4056 2736 4120 bene

455 4179 725 4257 possunt
777 4164 1090 4256 perspici,
1156 4186 1521 4253 quanquam
1580 4164 1753 4260 haud
1796 4188 1904 4234 eas
1949 4168 2321 4235 temerarias
2364 4191 2507 4236 esse
2551 4166 2734 4240 facile

456 4292 650 4371 patet.
707 4319 792 4330 -—
879 4281 1045 4349 Sunt
1113 4292 1326 4350 autem
1390 4283 1653 4348 externa
1715 4280 1917 4349 forma
1975 4294 2248 4371 quatuor
2290 4283 2543 4349 omnino
2587 4280 2730 4346 stir-

456 4396 628 4484 pium
686 4407 965 4482 genera:
1050 4393 1128 4480 1)
1200 4394 1265 4461 in
1317 4394 1455 4484 ipsa
1517 4395 1735 4463 radice
1804 4396 2084 4486 simplice
2159 4397 2408 4465 vocales
2479 4390 2732 4461 nomina
