2984 4959
1030 381 1149 451 De
1200 382 1442 453 forma
1485 385 1884 456 literarum.
2490 402 2592 474 37

304 562 491 661 Syris
530 584 788 650 quoque
829 585 1083 651 semper
1123 531 1214 633 ita
1253 566 1391 632 sine
1420 567 1730 657 junctura
1789 567 2032 656 positas
2052 617 2071 648 ,
2133 569 2367 662 quippe
2423 594 2590 659 quae

304 676 717 772 sequentibus
770 674 1038 765 junctae
1104 689 1216 746 aut
1279 703 1427 746 cum
1491 680 1627 766 aliis
1688 679 1875 772 facile
1938 680 2440 765 confundantur,
2516 695 2591 754 ut

281 821 371 870 Δ,
428 797 463 842 3
478 832 504 865 ‚
554 802 666 859 aut
707 792 792 857 ob
838 791 1102 861 ductum
1141 791 1307 860 infra
1346 794 1578 862 lineam
1620 788 1996 884 depressum
2026 796 2219 886 jungi
2249 797 2589 882 commode
2711 861 2721 870 .

306 916 647 992 nequeant.
770 905 850 973 In
911 905 1041 970 fine
1096 916 1312 972 tamen
1367 930 1611 1006 vocum*
1654 907 2057 975 inveniuntur
2114 910 2181 976 in
2238 912 2433 980 MSS.
2507 921 2539 963 Δ
2563 954 2587 988 ,

268 1048 336 1097 ,2
359 1061 382 1094 ‚
452 1030 500 1102 ,ᾖ
519 1061 543 1095 ,
614 1053 659 1101 0
734 1017 1033 1109 adjuncto
1087 1020 1199 1087 He
1256 1019 1429 1091 finali
1485 1023 1731 1108 absque
1791 1022 2218 1092 incommodo.
2345 1025 2427 1112 2)
2483 1025 2589 1093 Ita

306 1132 508 1221 igitur
575 1133 629 1200 si
692 1131 1091 1221 praecedens
1157 1133 1402 1222 alligari
1462 1158 1537 1201 se
1599 1136 1891 1224 sequenti
1947 1136 2186 1224 patitur
2208 1186 2228 1217 ,
2291 1135 2458 1203 linea
2504 1140 2586 1202 ab

307 1246 414 1313 ilia
468 1244 791 1335 producta
843 1257 1192 1335 utramque-
1210 1237 1485 1336 jungit,
1528 1271 1655 1337 qua
1696 1248 1847 1337 ipsa
1888 1249 2120 1318 ductus
2162 1248 2385 1319 literae
2427 1273 2586 1316 non-

309 1383 635 1448 nunquam
678 1362 834 1427 mire
879 1360 1306 1443 contrahitur,
1373 1362 1544 1430 velut
1584 1376 1621 1414 ⁸
1662 1386 1742 1430 ex
1786 1378 1827 1416 ⁸
1841 1406 1869 1440 a
1918 1384 1952 1452 ς
1993 1386 2075 1434 ex
2113 1384 2144 1437 τε
2164 1406 2190 1442 ‚
2234 1393 2289 1449 2
2343 1375 2410 1434 et
2473 1365 2586 1432 de-

310 1473 467 1539 inde
532 1513 571 1566 J
649 1496 891 1553 ex),
978 1497 1017 1534 ο
1097 1498 1176 1544 ex
1263 1495 1356 1551 Α,
1441 1492 1484 1551 ε-
1551 1477 1651 1544 vel
1711 1516 1744 1561 q
1824 1500 1905 1548 ex
1967 1475 2036 1537 «Φ.
2213 1478 2295 1564 3)
2338 1479 2587 1546 Contra

311 1611 465 1655 vero
522 1589 631 1655 ubi
686 1588 909 1656 literae
928 1639 946 1669 ,
1020 1611 1187 1676 quae
1237 1590 1530 1677 sequenti
1564 1590 1756 1681 jungi
1802 1600 2102 1679 possunt,
2160 1591 2225 1658 in
2266 1592 2397 1660 fine
2439 1602 2585 1664 sunt

311 1726 574 1783 vocum,
654 1701 885 1771 ductus
946 1701 1056 1790 qui
1113 1701 1389 1789 alioquin
1443 1707 1625 1776 recta
1683 1703 2140 1800 producendus
2186 1714 2389 1787 esset,
2478 1715 2591 1773 aut

315 1816 713 1905 abrumpitur
766 1817 932 1882 infra
975 1814 1205 1881 lineam
1264 1814 1701 1901 descendens,
1773 1830 1847 1889 ut
1887 1845 1969 1917 ρ,
2049 1831 2115 1890 et
2187 1842 2335 1890 cum
2390 1817 2594 1888 ductu

314 1931 694 2019 obliqu0,ut
735 1931 800 1995 in
835 1922 925 2007 Δ)
982 1960 1107 2009 0¹⁴⁶>
1166 1938 1294 2009 Ua,
1350 1950 1489 2011 0⁶²>
1548 1924 1687 2011 ά)
1746 1924 1865 2010 '⁵⁹²³
1924 1970 2019 2020 ω’)
2077 1966 2173 2030 92⁴
2215 1947 2316 2022 ἔ)
2370 1946 2469 2024 ξ)
2516 1952 2591 2023 ζ,

316 2057 429 2114 aut
470 2042 868 2134 protenditur
918 2043 1088 2133 plus,
1145 2055 1220 2112 ut
1256 2046 1324 2114 in
1365 2065 1477 2124 ῳ,
1531 2041 1631 2123 ὅ,
1679 2047 1790 2114 ubi
1831 2057 2047 2113 tamen
2088 2070 2287 2135 saepe
2328 2046 2593 2118 ductum

314 2158 655 2227 leviuscule
711 2156 1209 2227 descendentem
1272 2158 1453 2227 simili
1513 2160 1761 2228 ratione
1826 2161 2333 2248 animadvertas;
2407 2162 2475 2227 in
2525 2150 2593 2215 Α

317 2273 552 2341 ductus
623 2296 769 2341 cum
838 2271 959 2337 levi
1022 2273 1346 2339 erectione
1409 2274 1809 2362 abrumpitur
1827 2325 1845 2356 ,
1921 2276 2161 2347 inserto
2220 2276 2404 2346 simul
2456 2276 2590 2365 ple-

312 2410 620 2476 rumque,
700 2380 816 2475 qui
869 2386 1213 2474 antiquitus
1286 2387 1437 2452 huic
1503 2388 1723 2455 literae
1784 2389 1955 2454 finali
2010 2391 2314 2471 inhaesit,
2393 2389 2591 2457 ductu
2671 2469 2684 2484 ο

319 2502 600 2592 quodam
633 2503 743 2589 1);
799 2501 865 2567 in
908 2499 1044 2568 solo
1085 2488 1140 2552 k
1182 2500 1333 2570 nihil
1372 2503 1604 2571 mutari
1644 2501 1867 2590 potuit.
1982 2518 2023 2578 e
2082 2512 2338 2583 autem,
2424 2523 2591 2590 quae

316 2616 498 2685 litera
537 2614 713 2704 apud
760 2615 961 2705 Syros
1005 2614 1298 2701 sequenti
1338 2613 1514 2709 haud
1544 2616 1871 2705 jungitur,
1919 2638 2048 2682 non
2088 2615 2355 2688 ductum
2396 2617 2594 2684 habet

316 2741 463 2822 post
529 2752 601 2796 se
670 2727 1043 2796 mutandum
1108 2739 1583 2810 manentemve‚
1672 2728 1790 2795 sed
1848 2730 2127 2816 figuram
2184 2730 2373 2821 paulo
2439 2753 2592 2797 con-

320 2845 691 2914 tractiorem
761 2845 1225 2931 abruptamque
1279 2854 1316 2896 δ
1328 2886 1353 2918 ‚
1402 2857 1433 2895 ὅ
1450 2855 1489 2904 ο·
1624 2845 1716 2918 Et
1778 2868 2075 2918 mansere
2136 2856 2474 2942 praeterea
2525 2845 2591 2914 in

316 2959 609 3030 finalibus
675 2957 970 3044 antiquae
985 3007 1005 3038 ,
1073 2979 1240 3045 quae
1303 2960 1386 3023 ab
1430 2958 1679 3045 origine
1720 2959 1965 3046 figuras
2010 2983 2229 3027 omues
2269 2961 2591 3028 literarum

316 3075 644 3165 paullatim
686 3070 1116 3139 coalescentes
1161 3069 1492 3153 discrevit,
1560 3072 1917 3159 scripturae
1959 3073 2231 3160 vestigia
2271 3071 2591 3162 quaedam

322 3200 579 3279 aperta,
635 3186 805 3255 velut
847 3185 1077 3253 ductus
1121 3185 1413 3274 obliquus
1454 3185 1522 3250 in
1566 3197 1623 3258 εξ
1663 3210 1743 3252 ex
1786 3196 1813 3234 Ἴ
1858 3184 2179 3254 derivatus
2219 3187 2310 3255 ita
2350 3187 2590 3255 discer-

318 3305 425 3372 nit
448 3303 694 3370 literam
733 3302 901 3367 hanc
941 3322 982 3365 a
1026 3319 1102 3370 ‘r
1122 3342 1146 3376 ‚
1201 3295 1277 3352 ⁸3⁴
1301 3343 1325 3377 ,
1365 3300 1746 3388 quibuscum
1803 3299 1955 3369 alias
2011 3300 2459 3381 confunditur,
2515 3311 2591 3370 ut

319 3416 693 3507 saepissime
731 3414 830 3481 vel
871 3412 1009 3482 sine
1048 3413 1299 3501 punctis
1353 3413 1692 3482 diacriticis
1745 3414 2098 3496 scribatur3
2157 3451 2216 3500 ω
2256 3436 2408 3482 vero
2453 3413 2589 3486 lon-

324 3533 470 3620 gius
513 3528 888 3618 depressum
932 3551 1123 3617 quam
1169 3548 1243 3600 ῳ
1262 3570 1287 3603 ,
1334 3523 1408 3579 ὦ
1452 3551 1534 3593 ex
1576 3527 1836 3614 antiqua
1875 3526 2097 3594 literae
2142 3528 2349 3622 forma
2393 3537 2453 3616 ἶ,
2500 3539 2586 3633 &3
2667 3525 2670 3528 ’
2725 3510 2729 3515 ’

322 3667 517 3736 porro
556 3655 617 3720 ,Φ
659 3644 862 3710 sinum
906 3642 1101 3710 habet
1143 3627 1217 3708 in*
1246 3652 1549 3708 accurata
1592 3641 1906 3728 scriptura
1948 3630 2349 3712 decliviorem
2398 3665 2591 3730 quam

323 3750 419 3836 ὠ,
488 3758 723 3846 quippe
791 3779 872 3822 ex
931 3764 977 3842 Ρ
1039 3757 1411 3830 derivatum.
1508 3756 1793 3824 Possunt
1830 3713 2044 3826 famen
2082 3754 2163 3842 4)
2207 3754 2425 3825 literae
2469 3754 2592 3821 hae

325 3871 543 3942 finales
605 3882 669 3938 et
718 3870 892 3938 solae
947 3873 1169 3953 scribi,
1229 3883 1340 3939 aut
1380 3867 1557 3959 quod
1597 3868 2008 3959 praecedenti
2037 3867 2226 3957 jungi
2270 3877 2592 3954 nequeunt

327 3988 446 4075 (ex
485 4009 547 4053 n.
585 3984 728 4073 ¹)),
796 3995 907 4054 aut
967 3984 1142 4074 quod
1182 4006 1443 4074 prorsus
1488 3974 1804 4052 solitariae
1848 3992 2200 4072 ponuntur,
2240 3981 2373 4069 ·(id
2417 3980 2591 4070 quod

325 4102 394 4168 in
460 4100 757 4171 continua
820 4100 1168 4190 scriptu-ra,
1256 4122 1384 4188 qua
1469 4098 1638 4167 nulla
1704 4119 1827 4163 vox
1905 4117 2034 4162 una
2086 4098 2266 4164 litera
2345 4106 2595 4164 constat

432 4412 494 4480 1)
530 4411 596 4465 cf.
638 4399 682 4482 εἹ
719 4413 858 4467 hebr.
