2984 4959
1173 374 1715 468 Prolegomena.
2486 391 2583 460 13

298 561 571 629 Oriente
650 561 977 649 vulgatum
1000 609 1020 640 ‚
1132 556 1198 623 in
1265 558 1708 647 typographiis
1781 557 1953 626 idem
2024 558 2385 647 Europaeis
2455 560 2582 626 usi-

297 687 504 743 tatum
556 674 648 761 ¹).
904 664 916 676 ’

473 806 809 895 Scriptura
827 856 846 886 ‚
940 826 1023 871 ex
1100 828 1228 892 quo
1301 804 1466 872 inter
1525 805 1968 872 Koraischitas
2031 806 2279 892 vulgari
2352 806 2581 893 coepit,
2622 816 2697 890 ἓν

298 920 477 987 haud
558 919 752 986 dubie
810 918 1121 1012 syriacae.
1151 919 1349 984 instar
1402 918 1615 985 literas
1661 920 2057 987 festinantius
2104 931 2171 986 et
2213 920 2584 1009 conjunctas

268 1035 614 1124 ,pingebat
691 1031 1032 1120 (cursiva).
1170 1030 1366 1097 Unde
1438 1031 1679 1097 factum
1768 1042 1841 1098 ut
1912 1031 2234 1099 literarum
2310 1033 2584 1121 plurium

299 1149 535 1216 ductus
593 1145 1018 1234 negligentius
1086 1155 1152 1211 et
1211 1145 1463 1211 brevius
1521 1145 1679 1233 picti
1720 1144 2080 1211 discrimine
2122 1168 2248 1233 quo
2293 1122 2582 1232 primitus

299 1263 456 1329 satis
500 1257 1041 1346 distinguerentur
1099 1257 1333 1325 abolito
1378 1257 1956 1340 confunderentur,
2020 1260 2190 1327 velut
2227 1275 2255 1311 ὃ
2303 1278 2382 1321 ex
2420 1280 2481 1325 ο
2520 1256 2583 1337 b,

299 1397 331 1442 2
381 1399 471 1455 n,
547 1373 688 1463 ij,
744 1379 789 1438 L
832 1384 860 1436 t
913 1371 1034 1459 (cf.
1078 1368 1317 1461 §.60).
1441 1372 1637 1447 Quod
1696 1373 1929 1438 malum
1973 1397 2118 1439 cum
2166 1354 2450 1463 quotidie
2488 1375 2583 1440 in-

297 1488 653 1553 valesceret
709 1500 901 1574 atque
958 1485 1161 1573 ipsam
1207 1486 1455 1553 Korani
1501 1485 1844 1552 dictionem
1882 1487 1957 1553 iis
2000 1488 2407 1574 praesertim,
2475 1488 2584 1575 qui

300 1624 523 1667 verum
606 1600 742 1689 ejus
813 1621 1070 1666 sensum
1145 1622 1186 1664 a
1240 1600 1557 1687 propheto
1616 1601 1756 1689 ipso
1824 1600 1960 1666 vivo
2017 1625 2133 1667 ore
2188 1626 2312 1668 non
2370 1600 2584 1669 edocti

301 1727 521 1798 erant,
596 1715 870 1781 maxime
935 1712 1274 1778 obscuram
1343 1712 1648 1782 redderet
1722 1724 1787 1781 et
1847 1715 2248 1801 ambiguam:
2322 1716 2583 1783 tandem

300 1829 500 1916 siguis
558 1827 938 1917 quibusdam
998 1824 1193 1891 literis
1235 1825 1536 1891 similibus
1583 1827 1850 1914 appictis
1892 1826 2395 1894 succurrendum
2432 1852 2582 1898 esse

303 1942 594 2009 viderunt
627 1938 959 2007 Islamismi
1000 1948 1290 2006 statores.
1387 1939 1565 2005 Aliae
1604 1938 1856 2019 literae,
1912 1941 2061 2028 quia
2100 1943 2411 2009 Arabibus
2460 1943 2580 2008 du-

298 2057 529 2145 plicem
573 2039 802 2122 sonum
842 2055 907 2120 in
949 2051 1080 2118 aliis
1123 2053 1384 2126 vocibus
1425 2051 1747 2142 puriorem
1787 2054 1851 2118 in
1895 2054 2028 2121 aliis
2070 2056 2425 2124 mixtiorem
2482 2058 2580 2123 vel

302 2169 624 2251 duriorem
680 2185 909 2235 nactae
953 2177 1135 2233 erant
1158 2217 1177 2247 ,
1236 2166 1461 2232 iisdem
1505 2167 1704 2255 signis
1748 2166 2240 2255 distinguendae
2279 2168 2579 2237 videban-

280 2295 424 2362 tur.
538 2282 723 2357 Quae
780 2281 996 2368 signa
1054 2280 1377 2347 literarum
1434 2280 1815 2344 diacritica
1874 2304 1914 2346 a
1956 2304 2082 2369 quo
2133 2293 2198 2349 et
2240 2306 2367 2372 quo
2419 2296 2579 2351 tem-

280 2418 459 2485 „pore
502 2397 624 2463 sint
658 2396 928 2484 primum
964 2394 1364 2474 introducta,
1412 2405 1658 2459 certum
1694 2392 1867 2458 haud
1902 2406 1999 2462 est
2033 2394 2125 2481 ²).
2214 2396 2350 2462 Sed
2376 2398 2581 2486 prima

232 2484 241 2496 ¹
299 2510 545 2577 Korani
609 2507 990 2596 exemplaria
1031 2509 1386 2596 prophetae
1428 2516 1492 2574 et
1532 2506 1926 2574 Chalifarum
1967 2508 2250 2598 priorum
2290 2520 2582 2597 ternpore

301 2623 438 2690 sine
478 2624 551 2689 iis
596 2645 739 2688 esse
788 2632 1083 2700 exarata,
1157 2643 1430 2708 magnus
1489 2618 1883 2689 demonstrat
1944 2622 2282 2688 lectionum
2336 2625 2579 2689 varian-

298 2737 456 2806 tium
500 2758 799 2803 numerus
839 2735 905 2800 in
946 2734 1403 2824 exemplaribus
1447 2732 1766 2802 hodiernis
1810 2736 1891 2814 ab
1935 2737 2278 2827 exemplari
2302 2740 2580 2843 ’Otmani

382 2987 444 3055 1)
493 2987 559 3040 de
608 2988 797 3054 ceteris
847 2990 930 3040 vel
968 2986 1363 3054 antiquioribus,
1418 2989 1492 3060 ut⁸
1514 2984 1809 3035 Karmathi
1842 2987 2008 3039 cuflco
2042 2983 2224 3048 simili,
2277 2986 2359 3036 vel
2397 3000 2579 3039 recen-

509 3079 726 3131 tioribus
774 3093 842 3130 ex
892 3076 1089 3130 Neskhi
1125 3078 1279 3140 ortis,
1329 3080 1387 3126 ut
1429 3074 1602 3125 Ta’lilc
1634 3076 1891 3142 persicum
1928 3076 2343 3127 festinantissimo
2379 3079 2577 3129 calamo

509 3172 785 3237 scriptum,
838 3168 921 3220 vel
973 3165 1210 3217 ductibus
1265 3165 1525 3217 literarum
1581 3166 1818 3233 implexis
1867 3172 1920 3218 et
1955 3168 2145 3217 ornatis
2182 3166 2460 3232 distinctis,
2517 3175 2577 3221 ut

509 3258 719 3309 Divani
740 3292 753 3315 ,
804 3273 963 3324 agere
999 3271 1102 3308 non
1153 3262 1234 3308 est
1282 3254 1431 3322 liujus
1469 3255 1609 3317 lot-13
1661 3255 1727 3308 cf.
1768 3255 2002 3308 Niebuhr
2035 3256 2247 3312 Beschr.
2285 3266 2323 3311 t.
2364 3264 2448 3313 13.
2487 3264 2572 3314 14.

511 3349 767 3403 d'Ohsson
802 3349 1011 3401 tableau
1046 3345 1112 3398 de
1142 3344 1358 3413 l'impire
1397 3346 1658 3399 Ottoman.
1746 3413 1752 3419 ¹

379 3456 447 3524 2)
470 3447 478 3453 ’
505 3458 767 3523 signorum
826 3437 1207 3509 diacriticorum
1260 3459 1316 3506 et
1370 3458 1623 3509 vocalium
1666 3457 1793 3509 varii
1841 3459 2166 3514 nominantur
2197 3471 2465 3532 auctores,
2514 3474 2575 3521 ut

507 3537 799 3615 Hag'g'ag'‚
850 3547 999 3614 cujus
1046 3548 1142 3599 viri
1193 3545 1511 3599 celeberrimi
1558 3550 1864 3602 auctoritate
1916 3553 2271 3606 commendata
2317 3556 2576 3623 dicuntur,

511 3638 834 3691 Abu'laswad
878 3639 1027 3703 Duli,
1086 3636 1225 3688 Nasr
1280 3636 1618 3702 ben-Asem,
1675 3638 1864 3706 Amet,
1928 3640 2081 3707 sal-ja
2140 3644 2278 3694 ben·
2296 3647 2473 3699 Jamer
2522 3665 2568 3700 r.

508 3729 781 3781 memoires
820 3730 853 3782 1.
876 3747 919 3782 c.
957 3748 1008 3799 p.
1028 3733 1153 3781 250.
1189 3731 1476 3780 320-340.
1566 3731 1724 3795 Sacyi
1769 3730 1959 3783 anthol.
1997 3749 2046 3799 p.
2069 3734 2192 3783 218.
2280 3736 2427 3790 Quae
2462 3744 2570 3789 tra-

508 3811 717 3871 ditionis
753 3821 974 3871 varietas
1021 3818 1155 3871 haud
1191 3817 1346 3869 dubie
1398 3818 1612 3885 probat,
1672 3835 1787 3872 esse
1823 3821 1973 3888 signa
2006 3820 2132 3874 haec
2167 3823 2233 3874 ab
2268 3840 2371 3877 uno
2403 3843 2572 3895 neque

506 3909 711 3961 inventa
755 3923 925 3977 neque
980 3911 1249 3979 perfecta,
1314 3908 1411 3961 sed
1472 3907 1738 3975 paullatim
1784 3911 2103 3976 quorundam
2156 3916 2380 3970 virorum
2430 3922 2570 3973 cele-

506 3985 673 4050 Brium
721 4003 1029 4053 auctoritate
1065 4005 1119 4053 et
1153 3999 1407 4067 exemplo.
1492 3996 1721 4080 ’Otmani
1767 3988 2029 4068 exemplar
2063 4003 2127 4054 iis
2161 4004 2325 4058 adhuc
2359 4024 2570 4076 prorsus

511 4088 736 4139 caruisse
787 4091 994 4144 traditio
1045 4096 1125 4144 est
1167 4090 1302 4143 haud
1353 4087 1594 4153 ambigua
1651 4082 1830 4152 (mem.
1869 4088 1901 4140 1.
1931 4106 1975 4141 c.
2012 4090 2135 4144 Not.
2174 4100 2227 4145 et
2259 4094 2383 4148 Ext.
2422 4096 2485 4149 T.
2511 4104 2567 4150 8.

511 4195 561 4245 p.
596 4179 749 4246 344).
839 4180 997 4237 Quod
1040 4187 1232 4250 puncta
1278 4180 1480 4232 vocalia
1531 4177 1740 4229 tradunt
1791 4181 2022 4233 nonnulli
2056 4188 2175 4249 post
2208 4184 2357 4249 signa
2392 4185 2582 4238 diacri-

507 4270 611 4321 tica
658 4249 863 4323 inventa
901 4287 1048 4336 esse,
1100 4274 1146 4324 si
1195 4275 1526 4322 monumenta
1563 4252 1743 4319 Gufica
1791 4285 1925 4335 quae
1974 4272 2061 4322 illa
2100 4274 2416 4326 constantius
2451 4275 2579 4330 baec

509 4362 675 4413 rarius
722 4363 928 4430 appicta
974 4361 1164 4415 habent
1210 4362 1528 4414 consulimus
1546 4398 1563 4425 ‚
1616 4357 1752 4412 haud
1785 4363 1921 4413 omni
1958 4376 2025 4415 ex
2059 4370 2206 4430 parte
2241 4380 2418 4442 verum
2451 4384 2578 4423 cen-

508 4451 723 4505 sendum
759 4453 862 4505 est.'
