2984 4959
1149 353 1270 428 De
1313 355 1894 427 consonantibus.
2558 371 2660 446 27

1215 517 1283 554 5:-
1320 522 1399 553 .οο

216 623 229 632 ,
346 612 353 616 .
385 554 637 620 literae
669 550 939 633 sibilae,
966 591 1019 662 ὁ
1048 568 1133 660 3)
1197 566 1395 666 “²³23
1451 573 1570 618 seu
1617 555 1805 620 acuta
1845 552 2064 640 lingua
2099 561 2349 636 motae,
2401 554 2658 623 labiales

387 680 583 845 ἓξὲξ,
625 709 720 799 ²).
809 710 885 798 ³)
929 668 1065 780 Sed
1112 668 1453 779 videndum
1483 709 1624 802 jam
1676 709 1762 776 de
1803 711 2087 800 singulis.

572 901 632 966 1.
688 899 955 968 Literae
1025 884 1098 952 ’ὅ
1124 928 1176 989 ε
1201 906 1255 989 ἐ
1281 918 1329 988 g
1355 898 1403 986 ξ
1461 923 1502 965 e
1555 909 1830 992 gutture⁹
1877 902 2303 990 procedentes
2369 901 2660 992 spiritum
2702 916 2775 967 46

368 1009 634 1080 ‘tantum
685 1036 806 1103 pro
866 1010 1128 1099 singulis
1190 1011 1433 1077 varium
1475 1011 1695 1079 edunt.
1793 1015 2094 1083 Omnium
2134 1017 2484 1083 lenissimus
2530 1016 2659 1105 spi-

380 1126 543 1195 ritus
586 1139 686 1196 est
731 1139 789 1209 1,
831 1126 971 1194 talis
1017 1125 1258 1192 scilicet
1302 1125 1410 1212 qui
1451 1125 1738 1192 vocalem
1765 1127 1846 1193 ab
1869 1128 2042 1197 Initio
2081 1130 2359 1221 syllabae
2386 1128 2662 1216 positam

382 1240 746 1307 necessario
804 1238 1188 1371 praecedatg
1250 1250 1399 1330 post
1449 1239 1734 1373 vocalpm
1783 1261 2039 1329 quoque
2081 1243 2252 1309 vocis
2306 1243 2660 1310 intensione

2226 1336 2319 1377 91,

1068 1355 1095 1371 e
1116 1358 1140 1371 o
1603 1346 1629 1373 ὃ
1674 1343 1707 1373 0
1723 1355 1749 1371 ο

352 1397 589 1468 'audiri
618 1412 873 1489 queat,
939 1409 1015 1467 ut
1049 1384 1170 1483 ,μ’
1207 1407 1478 1463 'amara
1498 1448 1518 1480 ‚
1589 1388 1753 1481 At»,
1795 1398 2135 1484 jas-'alu‚
2188 1390 2323 1483 unffi)
2399 1411 2664 1470 ra’sun.

381 1512 646 1580 Fortior
692 1525 794 1581 est
837 1530 866 1567 ὅ
886 1564 905 1595 ,
947 1511 1141 1580 latino
1185 1522 1252 1579 et
1291 1522 1513 1578 nostro
1556 1511 1637 1592 Ιι,
1700 1513 2101 1579 Graecorum
2145 1515 2388 1603 spiritui
2429 1537 2658 1603 aspero

380 1626 816 1716 respondens3
886 1626 1184 1694 intentior
1243 1624 1435 1691 etiam
1497 1654 1549 1712 g
1610 1626 2016 1692 Graecorum
2069 1652 2111 1718 χ
2168 1638 2236 1694 et
2294 1637 2513 1693 nostro
2574 1628 2658 1692 ch.

378 1740 591 1830 paullo
647 1740 893 1807 mollins
952 1739 1374 1829 pronunciato
1417 1737 1835 1827 respondens.
1939 1740 1995 1806 A
2037 1739 2265 1827 quibus
2309 1760 2360 1828 ξ
2401 1741 2493 1807 ita
2536 1739 2657 1807 dif-

380 1854 509 1921 fert
527 1904 547 1935 ,
607 1865 683 1922 ut
736 1855 1026 1943 spiritum
1082 1852 1296 1942 palato
1338 1874 1467 1916 non
1523 1851 1852 1933 extrudat,
1911 1850 2031 1919 sed
2066 1855 2455 1921 extrinsecus
2500 1854 2657 1921 hau-

377 1978 549 2034 stum
585 1966 868 2035 intrudat
910 1968 1116 2056 magis
1157 1966 1439 2056 palatum
1481 1989 1799 2054 pungens,
1845 1967 1953 2055 qui
1993 1990 2188 2034 sonus
2230 1970 2413 2035 nobis
2454 1992 2659 2056 aegre

377 2079 681 2149 imitando
745 2081 1099 2168 attingitur.
1205 2077 1345 2148 Sed
1395 2079 1463 2146 in
1523 2081 1621 2147 his
1663 2081 2091 2170 gutturalibus
2136 2080 2385 2149 duabus
2430 2085 2655 2151 Arabi-

376 2195 500 2263 bus
542 2193 775 2283 duplex
814 2195 1069 2264 invaluit
1111 2195 1588 2285 pronunciatio,
1655 2194 1721 2260 in
1777 2195 1909 2261 aliis
1955 2195 2219 2262 vocibus
2264 2196 2523 2280 sortior,
2588 2199 2656 2264 in

375 2308 511 2375 aliis
572 2303 831 2375 mollior.
948 2309 1135 2383 Quae
1190 2308 1425 2397 duplex
1480 2331 1601 2398 pro
1661 2309 1924 2376 vocibus
1983 2309 2173 2376 certis
2215 2312 2653 2399 pronunciatio

377 2422 591 2512 Syris,
633 2421 805 2488 unde
847 2420 1258 2511 alphabetum
1302 2423 1629 2490 arabicum
1670 2421 2022 2492 derivatum
2040 2473 2062 2503 ,
2103 2423 2278 2490 haud
2311 2436 2464 2493 nota
2495 2435 2653 2494 Ara-

373 2539 565 2605 bibus
619 2538 823 2632 serius
877 2549 1116 2627 puncto
1175 2548 1423 2605 tantum
1484 2536 1729 2604 fortiori
1785 2558 1945 2603 sono
1988 2537 2410 2623 significando
2452 2525 2653 2607 inser-

374 2653 581 2720 viente
624 2674 925 2741 expressa
967 2661 1066 2718 est
1115 2648 1179 2741 ὃ.
1219 2654 1324 2719 20.
1442 2651 1721 2717 Omnino
1765 2649 1831 2716 id
1877 2650 1983 2716 hic
2020 2649 2401 2734 tenendum,
2458 2676 2651 2721 sonos

372 2765 491 2833 hos
543 2765 866 2854 duplices,
921 2788 1285 2855 quanquam
1325 2765 1390 2831 in
1433 2766 1750 2845 Arabum,
1810 2787 1977 2852 quae
2018 2787 2188 2829 nunc
2237 2765 2490 2834 exculta
2535 2780 2652 2848 est,
2689 2777 2698 2784 '

368 2879 588 2969 lingua
646 2902 872 2946 eorum
931 2879 1262 2969 diversitas
1314 2878 1604 2946 radicum
1663 2890 1800 2945 tum
1858 2878 2053 2946 levius
2109 2892 2248 2947 tum
2292 2880 2437 2968 plus
2495 2905 2535 2948 a
2577 2907 2653 2950 se

371 2995 761 3063 diversarum
805 2993 1056 3082 copiam
1100 2994 1264 3058 bene
1306 2991 1663 3061 distinctam
1703 2994 1965 3080 genuit,
2010 2995 2091 3061 ab
2138 2995 2394 3081 origine
2434 3006 2651 3063 tamen
2725 3031 2731 3038 ·

367 3109 627 3197 linguae
668 3107 990 3175 semiticae
1024 3104 1379 3194 antiquiore
1419 3107 1800 3195 peregrinos
1844 3107 2039 3173 fuisse
2080 3130 2202 3173 nec
2242 3109 2358 3174 nisi
2372 3112 2652 3178 Arabum

369 3222 594 3290 deberi
656 3220 935 3288 sermoni
989 3229 1125 3287 tum
1169 3218 1478 3287 subtiliori
1520 3230 1657 3288 tum
1699 3219 1976 3286 uberiori
2020 3232 2086 3288 et
2127 3219 2339 3287 ditiori
2384 3224 2477 3312 ³).

2316 3399 2448 3440 υέιο
2492 3410 2523 3442 ³
2565 3411 2647 3444 s,

440 3463 501 3531 1)
538 3462 690 3514 Kam.
727 3460 886 3513 tradit
921 3463 1111 3514 classes
1146 3460 1275 3513 duas
1309 3467 1569 3513 extremas
1600 3459 1961 3529 comprehendi
1977 3463 2182 3524 nomine
2219 3450 2430 3567 μ’ξδὸὥ
2462 3458 2647 3553 dv>

543 3597 610 3648 ab
646 3597 972 3649 extremitate
1009 3598 1216 3663 linguae
1250 3603 1305 3650 et
1337 3598 1603 3650 labiorum.
2465 3669 2472 3670 ἶ

435 3697 502 3765 2)
539 3712 572 3747 v
625 3695 838 3747 Notices
886 3700 941 3747 et
987 3695 1137 3747 Extr.
1189 3695 1253 3747 Τ.
1275 3700 1328 3748 8.
1377 3714 1428 3764 p.
1457 3699 1567 3747 352
1605 3712 1681 3761 sq.
1720 3694 1785 3748 T.
1816 3699 1867 3747 9.
1907 3712 1958 3764 p.
1981 3698 2131 3748 1-66.
2168 3713 2303 3763 quae
2336 3706 2418 3751 est
2451 3701 2642 3755 disser-

541 3787 673 3839 tatio
727 3787 913 3838 Arabis
962 3787 1282 3853 grammatici
1316 3787 1721 3853 diligentissima.
1813 3787 2084 3845 Quaedam
2129 3789 2423 3843 discrimina
2456 3800 2512 3846 et
2544 3811 2642 3847 no-

540 3879 677 3931 mina
716 3878 860 3946 parvi
894 3883 1014 3930 suut
1048 3876 1308 3929 momenti.

434 3971 500 4038 3)
537 3969 820 4022 audiendae
871 3975 992 4021 sunt
1020 3967 1106 4020 ‘de
1155 3959 1169 4022 l
1196 4000 1248 4058 ἰ
1273 3978 1327 4059 ἐ
1351 3990 1400 4059 ε
1419 3969 1467 4057 ἑ
1488 3969 1923 4038 vpronunciatione
1972 3970 2344 4039 descriptiones
2391 3978 2447 4024 et
2493 3975 2641 4042 leges

422 4067 429 4074 ⁰
536 4097 662 4148 quas
698 4081 823 4132 dant
852 4079 1150 4146 indigenae,
1197 4085 1257 4132 nt
1298 4080 1476 4146 Aryda
1521 4082 1574 4133 in
1620 4098 1699 4150 gr.
1753 4101 1804 4151 p.
1839 4086 1873 4135 9
1910 4098 2021 4148 sqq.
2121 4082 2353 4137 Literam
2390 4086 2437 4169 ξ·
2473 4100 2568 4152 per
2599 4104 2641 4156 g

539 4174 842 4241 simpliciter
886 4172 1175 4240 exprimere
1220 4171 1404 4237 malui,
1455 4175 1648 4241 quippe
1696 4189 1851 4239 quam
1903 4173 2101 4227 Arabes
2151 4174 2203 4226 in
2238 4175 2451 4227 vocibus
2487 4193 2637 4243 pere-

539 4262 701 4329 grinis
741 4277 839 4330 pro
884 4262 999 4331 ipso
1052 4262 1149 4316 hoc
1196 4281 1237 4335 g
1287 4279 1319 4315 e
1350 4268 1534 4332 regula
1567 4263 1872 4329 adhibeant3
1929 4265 2126 4321 Persae
2158 4271 2331 4319 tamen
2360 4285 2404 4337 3
2436 4268 2640 4320 mollius

545 4433 641 4485 per
692 4378 792 4478 ὲ
847 4427 1041 4474 notant.
