2984 4959
319 824 394 873 2³

313 2201 387 2255 24

449 380 540 460 16
787 340 797 350 .
1302 375 1850 471 Prolegomena.

440 582 664 628 eorum
722 558 991 628 maxime
1032 559 1113 626 sit
1153 565 1272 648 pro
1312 558 1497 625 variis
1545 558 1768 627 scribis
1810 558 2174 626 inconstans
2217 569 2283 626 et
2328 560 2410 625 ab
2452 560 2711 630 arbitrio

439 675 772 763 plurimum
815 670 1111 760 pendeat.
1480 661 1491 666 „
1557 657 1564 662 ’

604 813 759 880 Hoc
799 823 1013 878 autem
1047 811 1223 900 ipso,
1295 812 1468 901 quod
1514 811 1871 879 necessario
1919 821 2130 877 ortum
2175 823 2301 884 est.
2362 813 2560 899 signis
2604 836 2710 880 ex-

414 926 629 994 ‘t‘ernis
687 925 1066 1013 scripturam
1122 935 1434 992 vetustam
1492 923 1860 1014 perficiendi
1919 924 2182 1012 negotio
2224 923 2414 991 studii
2454 926 2712 1013 linguae

437 1041 735 1107 arabicae
804 1037 1272 1127 grammatici
1330 1037 1507 1104 initia
1564 1049 1631 1106 et
1684 1038 1889 1127 prima
1947 1037 2212 1105 stamina
2268 1037 2461 1105 ducta
2513 1050 2709 1106 erant.

435 1155 607 1220 Nam
665 1177 812 1220 cum
880 1152 1163 1239 linguam
1221 1151 1468 1217 Korani
1524 1162 1809 1218 sanctam
1863 1151 2352 1239 peregrinorum
2406 1151 2491 1217 ad
2554 1153 2709 1219 Isla-

434 1267 728 1333 mismum
787 1262 1163 1331 adactorum
1229 1285 1344 1330 ore
1408 1266 1684 1330 barbaro
1726 1266 2018 1353 interque
2057 1266 2228 1353 ipsos
2269 1267 2513 1332 Arabes
2563 1288 2710 1332 cum

436 1381 724 1447 barbaris
781 1379 1007 1445 mixtos
1050 1378 1327 1466 pessime
1371 1388 1437 1445 et
1473 1377 1606 1466 legi
1654 1389 1730 1445 et
1765 1378 2169 1466 pronunciari
2216 1389 2408 1468 atque
2447 1367 2710 1468 intelligi

419 1495 754 1574 viderent,
847 1515 996 1559 mox
1068 1490 1303 1579 primas
1373 1481 1831 1579 grammaticae
1903 1493 2085 1581 leges
2147 1491 2233 1558 iis
2309 1491 2707 1580 explicandas

435 1610 801 1697 scriptoque
839 1603 1232 1671 mandandas
1277 1627 1421 1671 esse
1465 1606 1903 1694 intelligebant
1942 1606 2030 1693 ¹5).
2114 1593 2323 1694 Atque
2364 1605 2454 1673 ita
2490 1628 2707 1693 gram-

431 1722 646 1789 matici
697 1722 862 1788 inter
915 1720 1159 1786 Arabes
1216 1718 1407 1785 studii
1464 1719 1639 1786 initia
1682 1720 1832 1787 satis
1876 1730 2023 1787 sunt
2060 1732 2311 1787 matura
2354 1732 2420 1788 et
2463 1733 2702 1807 aperta.

434 1834 570 1901 Sed
634 1857 782 1900 mox
856 1832 977 1898 alia
1038 1855 1375 1898 accessere
1438 1855 1607 1920 quae
1672 1835 2131 1923 grammaticae
2206 1833 2483 1902 studium
2540 1836 2706 1903 inter

428 1950 602 2037 ipsos
661 1949 903 2013 Arabes
958 1945 1229 2011 maxime
1289 1958 1356 2014 et
1396 1959 1700 2039 juvarent
1768 1959 1836 2016 et
1890 1947 2294 2015 sollicitarent
2348 1961 2540 2039 atque
2592 1928 2705 2016 nex-

430 2061 775 2130 cessarium
808 2057 1172 2126 redderent.

594 2200 901 2268 Proxima
961 2221 1155 2265 causa
1210 2193 1275 2263 in
1329 2198 1469 2286 ipso
1526 2197 1793 2265 Korano
1857 2200 1995 2266 sita.
2127 2199 2297 2265 Nam
2337 2201 2585 2266 Korani
2638 2212 2705 2269 et

428 2335 637 2380 sermo
698 2325 762 2382 et
817 2312 1138 2403 scriptura‘
1184 2310 1380 2377 multa
1437 2311 1634 2381 habet
1684 2313 2028 2402 singularia
2083 2325 2148 2381 et
2191 2314 2368 2380 mira.
2474 2303 2764 2383 Sermo.⁶

428 2436 527 2493 est
567 2426 872 2515 abruptus
897 2477 917 2507 ,
980 2426 1288 2509 difficilis,
1345 2428 1597 2518 saepius
1645 2448 1869 2516 asper,
1927 2427 2143 2514 formis
2185 2425 2406 2515 plenus
2445 2426 2701 2492 rariori-

408 2540 578 2620 bus,
644 2540 897 2605 omnino
959 2540 1014 2608 is
1078 2541 1184 2631 qui
1224 2542 1462 2608 bonum
1503 2542 1914 2629 interpretem
1959 2551 2025 2608 et
2066 2548 2324 2606 cautum
2366 2537 2702 2605 desideret.

429 2652 765 2739 Scriptura
826 2675 975 2718 vero
994 2704 1013 2734 ,
1089 2665 1312 2742 utpote
1369 2678 1535 2742 quae
1584 2653 1942 2742 prophetae
1995 2663 2207 2719 aetate
2260 2651 2425 2719 inter
2465 2652 2698 2719 Korai-

427 2764 663 2831 schitas
716 2787 879 2831 nova
932 2776 1104 2833 esset
1159 2789 1514 2857 parumque
1557 2767 1757 2849 culta,
1799 2768 1989 2858 paulo
2032 2767 2335 2854 ambigua
2376 2777 2443 2834 et
2481 2766 2698 2830 incon-
2791 2763 2794 2764 ⁷

406 2874 599 2957 dita,
670 2877 908 2943 formas
948 2901 1399 2969 nonnunquam
1437 2881 1710 2947 miscens
1757 2878 2070 2961 diversas,
2128 2902 2294 2967 quae
2340 2869 2699 2967 quanquam

424 2991 525 3058 vel
594 2992 705 3057 ubi
764 2994 1020 3060 aberrat
1074 3015 1202 3058 non
1257 2994 1502 3081 absque
1561 2995 1731 3060 omni
1789 2993 1940 3082 lege
2014 3004 2080 3060 et
2162 3016 2359 3059 causa
2422 2993 2696 3072 aberrat,

422 3128 463 3170 a
537 3106 896 3195 scripturae
979 3117 1195 3173 tamen
1300 3107 1631 3195 perfectae
1710 3130 1932 3174 norma
2010 3107 2345 3199 plurimum
2431 3106 2694 3173 recedit.

424 3218 612 3292 Quae
669 3221 985 3308 scriptura
1039 3229 1380 3324 postquagp
1436 3243 1582 3286 cum
1643 3222 1911 3288 Korano
1967 3244 2085 3311 per
2143 3233 2346 3290 totam
2399 3221 2697 3288 Arabiam

423 3331 798 3420 pervulgata
845 3343 1017 3413 erat,
1075 3333 1283 3400 multis
1326 3332 1486 3399 mira
1527 3333 1726 3401 videri
1763 3346 2048 3424 poterat,
2117 3347 2191 3404 ut
2230 3335 2438 3426 plures
2494 3334 2560 3401 in
2616 3355 2697 3400 ea

428 3444 802 3533 explicanda
845 3468 1110 3535 operam
1149 3448 1555 3537 studiumque
1594 3448 1979 3517 collocarent
2028 3449 2244 3516 utilem
2289 3447 2382 3536 ²).
2495 3450 2694 3515 Gum-

425 3581 551 3646 que
609 3558 675 3623 in
728 3559 854 3627 vita
926 3560 1172 3649 vulgari
1245 3563 1564 3653 scriptura
1637 3561 1960 3651 paullatim
2036 3564 2457 3642 constantior,
2548 3584 2694 3652 per-

426 3670 654 3738 fectior
717 3681 784 3738 et
845 3671 1176 3741 dilucidior
1227 3676 1444 3758 fieret,
1514 3676 1761 3744 Korani
1804 3700 1970 3765 quae
2013 3688 2151 3744 erat
2190 3678 2504 3765 scriptura
2543 3677 2692 3743 sim-

421 3783 647 3873 plicior
707 3796 774 3853 et
830 3788 1084 3855 brevior
1148 3790 1351 3856 serius
1420 3793 1505 3857 ob
1561 3777 1700 3857 libri
1759 3791 1998 3880 antiqui
2038 3792 2507 3859 venerationem
2548 3791 2693 3857 reli-

422 3899 609 3986 giose
650 3911 902 3968 servata
943 3913 1059 3970 est.
1160 3904 1347 3980 Quae
1388 3906 1740 3994 scripturae
1779 3907 1941 3975 ratio
1985 3929 2112 3995 quo
2156 3905 2514 3994 religiosius
2557 3928 2689 3973 ser-

522 4137 583 4204 1)
634 4136 760 4190 haec
795 4138 1161 4204 grammaticae
1193 4144 1341 4197 initia
1373 4151 1660 4197 monstrant
1694 4146 2019 4212 traditiones,
2070 4148 2122 4199 in
2155 4148 2306 4201 mem.
2354 4150 2387 4202 1.
2428 4165 2472 4202 c.
2510 4168 2560 4219 p.
2582 4153 2692 4202 324

523 4247 531 4261 ·
631 4245 708 4296 sq.
745 4233 885 4288 339..
1273 4243 1279 4249 '

509 4336 573 4404 2)
624 4336 904 4407 prudenter
951 4340 1228 4395 admodum
1277 4343 1343 4395 de
1407 4357 1471 4395 eo
1526 4342 1727 4410 judicat
1801 4346 2191 4403 Iba-Khaldun
2254 4348 2478 4417 (chrest.
2533 4352 2597 4404 T.
2633 4354 2685 4403 2.

634 4446 685 4497 p.
726 4432 870 4481 122-
891 4434 1058 4503 124),
1118 4434 1531 4501 superstitionem
1567 4436 1782 4489 aliorum
1817 4438 2072 4492 refellens.
