2984 4959
393 358 544 429 130
1266 338 1499 414 Verbi
1547 342 1787 414 flexi0.

392 529 502 596 fixi
558 524 844 598 vocalem
876 543 1114 614 meque
1181 523 1396 592 locum
1454 534 1635 600 tenet
1690 543 1902 612 neque
1945 545 2063 590 cur
2104 529 2479 612 conpareat
2529 543 2681 588 cau-

398 713 535 758 sam
575 688 800 769 habet,
876 696 951 754 ut
983 629 1158 770 μζ)
1203 709 1282 752 ex
1326 627 1550 757 ᾖξ’
1646 683 1901 752 Vocalis
1946 694 2161 752 autem
2209 678 2272 747 α’
2316 680 2527 769 stirpis
2570 680 2683 748 IV.

398 821 711 912 primitiva
795 830 862 887 et
927 818 1168 884 firmior
1237 829 1302 885 et
1364 817 1504 907 ipsa
1563 827 1711 907 post
1779 816 2061 884 vocalem
2135 814 2401 906 praefixi
2439 809 2684 879 intime

1460 921 1492 952 3
1510 919 1596 951 οο3
1774 921 1824 952 3
1822 908 1939 952 ,053

388 981 596 1104 juncti
638 1003 892 1094 semper
946 979 1279 1060 eliditur,
1343 988 1418 1046 ut
1451 967 1594 1062 ,μὴ
1639 1000 1720 1046 ex
1758 967 1970 1066 >fil-g·

275 1139 386 1188 220
568 1086 894 1186 Radicalis
943 1117 1161 1185 ultima
1205 1089 1477 1184 formam
1521 1116 1745 1182 finiens
1789 1139 1868 1184 ex
1909 1116 2059 1204 lege
2100 1112 2412 1205 perpetua
2452 1110 2682 1203 5162

401 1234 687 1301 vocalem
725 1244 917 1299 nacta
960 1243 1061 1299 est
1096 1232 1388 1312 brevem,
1434 1253 1600 1318 quae
1643 1233 1710 1299 in
1748 1231 1911 1320 pers.
1956 1230 2211 1320 quidem
2254 1227 2541 1318 proxima
2587 1234 2684 1292 est

403 1418 491 1474 a,
546 1403 620 1461 ut
654 1349 812 1471 δὲ,
863 1322 1011 1493 §5:233
1025 1435 1047 1469 ‚
1104 1392 1169 1458 in
1222 1389 1471 1481 imperf.
1531 1402 1743 1459 autem
1799 1414 1919 1482 pro
1977 1391 2225 1459 ratione
2281 1386 2346 1478 5.
2375 1386 2505 1454 203
2535 1406 2681 1477 sqq.

408 1523 601 1604 dicta
635 1525 726 1592 ita
783 1524 1018 1612 variat,
1080 1535 1155 1593 ut
1213 1513 1443 1591 modus
1500 1534 1716 1594 rectus
1776 1524 1865 1611 (s.
1906 1519 2055 1592 raf-·t
2059 1522 2242 1613 atus)
2308 1527 2467 1588 sono
2509 1539 2546 1590 ἥ
2588 1515 2684 1581 in·-

1124 1628 1254 1660 2³0-
1367 1626 1484 1658 3303

406 1685 677 1774 signitus
721 1675 833 1769 sit,
907 1687 1075 1755 velut
1111 1675 1294 1770 ,μὶ-ε,
1348 1673 1493 1757 ΔΖΗ-ἰ
1519 1719 1541 1740 .

276 1811 402 1885 221
569 1823 804 1892 Modus
872 1819 1095 1893 contra
1112 1824 1488 1995 obliquu2:
1489 1817 1579 1910 (s.
1624 1824 1968 1912 naebatus)
2013 1823 2199 1914 hujus
2242 1846 2293 1888 u
2332 1821 2477 1889 loco
2518 1841 2682 1886 sem-

359 2093 734 2185 proximae
791 2109 857 2166 et
919 2098 1154 2165 multae
1208 2098 1347 2186 ipsa
1387 2029 1649 2165 radicali
1690 2098 1907 2166 ultima
1948 2098 2401 2175 terminentur,
2469 2095 2597 2160 hoc
2636 2116 2686 2157 a

402 2211 675 2298 primum
731 2222 797 2279 et
854 2212 1249 2300 potissimum
1307 2210 1554 2277 formae
1609 2211 1858 2301 hujus
1840 2212 2091 2300 msigne
2133 2209 2521 2278 censendum
2566 2217 2680 2274 est.

402 2322 737 2391 Personae
779 2337 993 2392 autem
1033 2325 1236 2391 vocali
1277 2324 1473 2411 longa
1516 2328 1643 2389 una
1690 2347 1837 2390 cum
1874 2347 2033 2391 sono
2077 2323 2274 2390 nasali
2312 2320 2515 2388 radici
2549 2319 2681 2387 suf-

402 2437 529 2503 fixa
588 2440 961 2507 terminatae
1033 2463 1262 2507 sonum
1330 2440 1504 2506 hunc
1569 2437 1850 2505 nasalem
1917 2439 2243 2518 amittunt,
2318 2446 2393 2503 ut
2450 2434 2682 2502 vocalis

401 2573 665 2620 manens
708 2552 904 2639 longa
943 2576 1250 2641 personas
1295 2553 1446 2620 satis
1483 2563 1700 2620 tamen
1745 2550 2113 2638 distinguat.
2214 2550 2434 2626 Qualis
2480 2550 2685 2616 forma

406 2665 794 2735 contractior
852 2667 995 2733 voci
1050 2667 1114 2732 in
1172 2666 1481 2733 sermonis
1540 2687 1710 2731 nexu
1764 2688 2018 2753 semper
2059 2665 2162 2731 alii
2203 2664 2577 2755 subjunctae
2622 2673 2687 2729 et

403 2776 486 2841 ab
545 2776 661 2842 alia
700 2777 1002 2864 pendenti
1048 2781 1212 2846 bene
1254 2781 1547 2847 convenit
1589 2777 1678 2863 ¹).
1764 2778 2070 2845 Personis
2116 2778 2391 2868 denique
2434 2776 2683 2843 duabus

404 2888 641 2979 syllaba
697 2907 772 2959 ηᾶ
822 2892 1171 2960 terminatis
1194 2944 1213 2974 ,
1283 2895 1408 2982 qua
1460 2916 1536 2959 se
1594 2889 1993 2980 distinguere
2037 2893 2314 2982 possint,
2371 2890 2543 2957 nulla
2586 2900 2686 2958 est

401 3003 585 3071 ratio.

272 3157 384 3205 222
570 3140 806 3210 Modus
887 3141 1258 3212 decurtatus
1324 3157 1399 3213 s.‘
1450 3140 1804 3234 g'ezmatus
1866 3146 2458 3233 pronunciationem
2499 3161 2687 3234 'quae

404 3255 524 3343 ipsi
586 3257 921 3345 peculiaris
989 3268 1088 3325 est
1146 3258 1546 3346 rapidiorem.
1591 3258 1840 3325 duabus
1893 3269 2116 3325 notare
2170 3268 2385 3349 potest
2426 3258 2686 3326 rationi-

405 3370 560 3434 bus,
621 3367 698 3453 1)
747 3392 1065 3456 personae
1116 3371 1381 3437 radicali
1435 3372 1652 3439 ultima
1713 3373 2088 3440 terminatae
2128 3373 2416 3440 vocalem
2432 3423 2451 3454 ,
2522 3395 2688 3460 quae

408 3505 487 3547 ex
526 3481 677 3569 lege
720 3487 965 3617 summa
1006 3480 1240 3573 §.162
1282 3484 1564 3554 ultimam
1605 3485 1949 3553 radicalem
1994 3486 2363 3568 comitatur,
2429 3489 2688 3554 brevem

408 3642 733 3723 amittunt,
777 3655 852 3712 ut
878 3587 1058 3722 33²5,
1118 3668 1155 3710 e
1201 3648 1329 3733 qua
1369 3645 1509 3734 ipsa
1553 3647 1933 3714 formatione
1973 3646 2203 3715 modus
2242 3645 2347 3711 hic
2369 3639 2442 3733 g'
2451 3667 2688 3709 ezma-

407 3766 523 3820 tus
567 3756 815 3824 dicitur.
929 3760 1011 3844 2)
1053 3781 1368 3846 personae
1426 3760 1680 3849 syllabis
1731 3784 1893 3842 una,
1959 3763 2099 3843 ina,
2156 3760 2260 3825 ani
2298 3757 2690 3826 terminatae

407 3890 633 3935 sonum
675 3870 955 3938 nasalem
999 3869 1293 3937 amittunt
1333 3883 1408 3938 ut
1446 3872 1511 3938 in
1554 3872 1748 3938 modo
1792 3875 2063 3959 nacbato
2107 3870 2172 3962 5.
2195 3873 2342 3939 221.
2429 3873 2513 3938 At
2544 3892 2690 3959 per-

406 4004 605 4047 sonae
668 3981 838 4049 duae
893 3981 1028 4056 sola
1083 3982 1321 4072 syllaba
1381 4009 1479 4052 na
1540 3988 1950 4068 terminatae,
2026 4010 2174 4053 cum
2228 3985 2468 4074 syllaba
2525 3984 2691 4060 haec

501 4199 572 4273 ‘1)
627 4221 745 4256 nam
796 4204 958 4255 forma
994 4223 1088 4273 per
1122 4224 1179 4259 se
1218 4215 1358 4260 stans
1394 4209 1597 4275 plenior
1635 4217 1716 4262 est
1752 4217 1804 4263 et
1840 4212 2047 4278 gravior
2082 4215 2264 4266 natura
2297 4214 2419 4279 sua,
2467 4211 2603 4264 unde
2639 4212 2690 4263 in

615 4297 794 4363 lingua
839 4299 1087 4350 sanserit&
1141 4300 1411 4353 discrimen
1462 4302 1601 4353 inter
1654 4303 2016 4356 nominan‘vum
2064 4301 2409 4356 rddsclzdnas
2446 4309 2500 4355 et
2536 4317 2691 4354 accu-

616 4389 830 4442 sativum
865 4387 1167 4442 radechnas
1205 4393 1333 4443 fluit.
