2984 4959
425 400 530 471 84
799 384 1033 480 Leges
1082 384 1446 471 radicum,
1498 382 1859 477 stirpium,
1911 377 2331 452 formarum.

432 576 823 682 augmenta,
898 589 979 634 ea
1030 557 1250 635 intime
1307 583 1453 632 cum
1505 563 1582 629 iis
1640 557 2022 643 cohaerent,
2100 570 2176 628 ut
2228 562 2311 625 ab
2370 558 2446 626 iis
2489 554 2712 656 divelli!

429 693 782 771 nequeant,
821 680 1172 768 nulliusque
1213 677 1339 745 sint
1373 697 1493 764 per
1532 696 1607 742 se
1644 675 1933 742 notionis.
2021 673 2341 746 Similiter
2364 663 2502 737 fere
2546 671 2692 738 stir-

429 796 608 885 pium
644 795 835 861 flexio
878 793 963 860 ad
1003 813 1249 881 genera
1289 800 1356 857 et
1396 795 1727 868 numeros,
1771 809 2074 875 personas
2120 807 2314 876 porro
2338 781 2694 872 modosque

432 908 606 976 verbi
649 904 1130 995 distinguendos
1173 900 1523 970 arctissime
1565 900 1860 989 stirpibus
1902 900 2219 980 inhaeret,
2281 907 2355 964 ut
2394 896 2528 963 sine
2571 895 2697 962 hac

430 1040 578 1088 esse
634 1030 972 1108 nequeant,
1071 1015 1207 1085 Sed
1250 1038 1416 1105 quae
1456 1014 1754 1101 stirpibus
1797 1014 1889 1080 sic
1935 1012 2339 1080 conformatis
2381 1021 2538 1099 quas
2583 1009 2696 1076 de-

428 1133 650 1221 inceps
678 1131 960 1220 formas
1003 1129 1217 1196 dicere
1261 1129 1671 1195 constitutum
1714 1138 1812 1193 est
1828 1177 1847 1206 ,
1901 1126 2199 1215 subjungi
2239 1134 2504 1214 possunt
2543 1145 2696 1212 pro—

430 1246 685 1312 nomina
723 1244 983 1323 suffixa,
1049 1265 1129 1308 ea
1168 1263 1293 1309 nec
1338 1240 1595 1307 notione
1637 1262 1758 1305 nec
1801 1242 2119 1307 structura
2159 1250 2289 1305 tam
2331 1248 2510 1306 arcte
2551 1238 2696 1304 stir-

430 1361 617 1450 pibus
686 1357 969 1446 injuncta
1034 1365 1198 1422 sunt,
1320 1351 1517 1420 Unde
1573 1353 1754 1420 simul
1819 1364 1960 1417 tres
2019 1374 2162 1419 esse
2218 1352 2283 1416 in
2334 1352 2699 1418 universum

431 1469 822 1538 formationis
859 1468 1094 1537 classes
1139 1478 1356 1558 patet:
1429 1465 1508 1549 1)
1551 1466 1886 1553 stirpium
1928 1487 2008 1532 ex
2043 1462 2294 1546 radice;
2350 1465 2434 1552 2)
2476 1485 2556 1531 ex
2596 1465 2695 1534 his

414 1582 824 1673 formarum
838 1632 858 1662 ,
934 1604 1053 1649 seu
1114 1582 1401 1669 stirpium
1458 1579 1633 1645 certa
1691 1576 1966 1664 quadam
2005 1578 2278 1644 flexione
2320 1589 2388 1646 et
2428 1580 2696 1661 numeri,

428 1696 711 1785 generis,
752 1715 1086 1784 personae,
1133 1692 1306 1760 modi
1332 1691 1656 1759 notatione
1681 1689 2162 1777 prodeuntium;
2200 1690 2281 1779 3)
2300 1692 2696 1781 juncturae

410 1806 819 1896 formarum
861 1805 1088 1873 harum
1133 1829 1279 1875 cum
1318 1804 1451 1871 aliis
1491 1802 1772 1870 vocibus.

298 2023 408 2075 152
602 1996 704 2065 Ad
745 1996 972 2087 stirpes
1015 2016 1220 2083 exque
1260 1994 1359 2061 his
1401 1993 1638 2061 formas
1683 1991 2055 2060 derivandas
2098 2017 2399 2065 sonorum
2437 2000 2694 2090 quidem
2795 2045 2800 2049 -

427 2111 774 2178 inserviunt
808 2110 1200 2177 extrinsecus
1242 2107 1686 2175 accedentium
1729 2117 1864 2174 tum
1895 2108 2322 2197 praefixorum
2356 2123 2491 2180 tum
2515 2125 2695 2203 post-

426 2225 781 2315 positorum
822 2225 994 2290 bona
1033 2244 1202 2311 pars.
1309 2224 1394 2289 At
1445 2221 1642 2289 multo
1697 2222 1899 2310 major
1941 2233 2009 2290 et
2045 2224 2257 2312 potior
2304 2226 2693 2296 formationis

425 2359 577 2427 pars
621 2336 933 2404 vocalium
972 2336 1137 2403 intra
1178 2333 1461 2401 radicem
1506 2346 1572 2402 et
1610 2336 1762 2403 satis
1809 2335 2080 2423 amplam
2112 2347 2179 2403 et
2217 2348 2348 2406 tres
2392 2342 2690 2410 continuo

427 2473 619 2520 sonos
662 2451 1144 2539 amplectentem
1183 2450 1534 2517 mutatione
1577 2450 1786 2536 aequa.
1821 2459 1887 2518 et
1924 2461 2253 2517 constante
2277 2451 2507 2519 nititur.
2570 2453 2695 2521 Est

429 2562 689 2653 quidem
728 2565 894 2631 haec
937 2563 1189 2630 omnino
1230 2562 1487 2650 linguae
1537 2562 1880 2663 semiticae.
1900 2562 2096 2630 virtus
2140 2559 2453 2652 quaedam
2490 2588 2693 2654 pecu-

425 2678 593 2746 liaris
608 2730 628 2760 ,
690 2675 808 2746 sed
868 2702 946 2744 ea
1005 2675 1300 2741 arabicae
1358 2673 1629 2742 dialecto
1686 2675 1915 2742 ceteris
1973 2666 2176 2764 longe
2226 2677 2584 2745 familiarior
2625 2691 2694 2749 et

426 2790 755 2860 excultior.
873 2790 1061 2864 Quae
1119 2791 1246 2877 qua
1303 2788 1578 2854 omnino
1612 2788 1920 2854 vocalium
1972 2790 2266 2859 ubertate
2307 2802 2377 2859 et
2414 2792 2692 2860 volubili.

426 2901 561 2971 tata'
602 2903 870 2970 maxima
909 2899 1155 2990 gaudet
1197 2899 1436 2991 (§.5.)‚
1479 2901 1558 2966 ea
1598 2899 1684 2966 ad
1725 2901 2161 2969 formationem
2198 2906 2540 2995 praecipue
2579 2930 2690 2974 vo-

430 3038 577 3083 cum
619 3026 685 3082 et
725 3015 1154 3083 brevissimam
1197 3026 1388 3104 atque
1429 3014 1852 3081 acutissimam
1895 3026 1963 3083 et
1998 3017 2267 3084 maxime
2291 3022 2690 3109 perspicuam

427 3128 786 3195 felicissime
832 3128 1048 3198 utitur.
1143 3130 1319 3196 Hinc
1371 3151 1502 3195 non
1551 3151 1663 3195 eas
1690 3115 1982 3211 tantum,
2053 3151 2210 3219 quas
2256 3130 2569 3214 hebraea,
2619 3134 2688 3200 id

426 3265 578 3311 vero
653 3253 752 3310 est
813 3245 1072 3333 antiqua
1126 3242 1384 3330 linguae
1442 3241 1639 3309 facies
1685 3242 1912 3324 habet,
1971 3243 2279 3310 vocalium
2315 3245 2484 3313 intra
2522 3246 2691 3313 radi-

429 3379 570 3423 cem
610 3343 992 3426 mutationes
1047 3354 1431 3428 nitidissime,
1471 3355 1746 3423 excoluit
1805 3366 1871 3423 et
1910 3357 2181 3424 maxima
2222 3360 2493 3430 servavit
2534 3384 2687 3428 con-

427 3470 691 3550 stantia,
755 3468 873 3537 sed
920 3455 1127 3536 'novas
1187 3453 1484 3537 continuo
1541 3468 1667 3535 hac
1721 3470 1967 3536 ratione
2010 3470 2243 3540 formas
2288 3475 2508 3543 condit
2542 3478 2689 3544 bre-

425 3583 620 3652 vitate
662 3593 730 3652 et
768 3582 1222 3673 perspicuitate
1265 3582 1659 3672 conspicuas.
1742 3581 1997 3649 Deinde
2037 3582 2122 3651 ad
2165 3608 2390 3654 vocum
2432 3610 2689 3678 quoque

425 3696 591 3763 inter
645 3716 719 3764 se
768 3696 1135 3787 juncturam
1189 3719 1228 3762 e
1284 3696 1529 3787 syntaxi
1583 3694 1970 3784 pendentem
2029 3699 2309 3767 exactius
2364 3711 2430 3768 et
2479 3703 2688 3790 magis

429 3809 767 3897 perspicue
850 3809 1195 3877 notandam
1265 3810 1577 3912 vocalium
1640 3810 1943 3879 translata
2012 3822 2112 3879 est
2162 3811 2227 3878 in
2282 3813 2409 3880 fine
2461 3838 2689 3883 vocum

428 3920 697 3988 varietas
715 3971 735 4003 ,
805 3932 879 3989 ut
934 3944 1014 3989 ex
1065 3922 1234 3987 nulla
1296 3944 1389 4018 re.
1410 3933 1655 3990 tantum
1700 3924 1953 4012 linguae
1994 3923 2298 3994 affulserit
2336 3926 2581 3995 luminis
2622 3939 2692 3998 et

363 4025 368 4029 ⁴
430 4031 680 4102 decoris
750 4057 940 4123 quam
1002 4057 1083 4101 ex
1141 4034 1267 4100 hac
1325 4037 1634 4103 vocalium
1687 4038 2037 4105 mutatione
2089 4040 2257 4120 acri,
2331 4042 2689 4131 perspicua,

429 4156 777 4215 constante.
889 4147 1038 4221 Quo
1095 4148 1303 4236 magis
1360 4150 1788 4217 necessarium
1847 4161 1980 4232 est,
2043 4151 2222 4240 leges
2265 4173 2421 4240 quas
2464 4178 2544 4221 ea
2585 4179 2687 4223 se-

426 4261 641 4349 quitur
682 4280 958 4327 summas
1000 4269 1066 4326 et
1109 4260 1429 4328 universas
1471 4262 1577 4328 hic
1618 4262 1936 4331 delineare
1957 4312 1977 4345 ,
2016 4263 2327 4354 plurimae
2365 4267 2430 4333 in
2464 4268 2687 4357 singu-

423 4372 496 4440 lis
539 4372 758 4440 formis
802 4370 1269 4461 cognoscendis
1312 4372 1519 4461 frugis
1561 4377 1825 4453 futuras.
