2984 4959
480 367 628 446 160
1237 360 1634 432 Nominum
1705 363 1978 457 stirpes.

345 566 453 621 273
642 548 701 614 1.
760 540 1153 632 Particz‘pii
1194 542 1490 613 formatio
1535 542 1803 631 duplicis
1847 551 1950 609 est
1987 543 2286 628 generis:

643 691 722 779 1)
763 691 828 757 in
883 701 961 758 st.
1000 689 1056 760 Ι.
1114 688 1450 779 participio
1512 691 1718 757 activo
1776 689 2188 778 exprimendo
2243 689 2501 798 inservit
2538 689 2742 757 forma

465 820 606 986 33⁶?ss
663 877 729 970 §.
773 879 904 945 245
918 927 937 958 ,
999 877 1063 942 in
1128 875 1515 958 intransitiva
1586 876 1780 944 etiam
1834 877 2093 945 notione
2148 878 2383 945 usitata
2398 927 2418 958 ,
2486 888 2562 945 ut
2610 815 2739 980 gi?

463 1098 700 1163 stans,
763 1028 896 1188 {gl-‘i
927 1081 1274 1147 dormiens
1289 1129 1311 1159 ,
1372 1081 1490 1149 nisi
1546 1082 1715 1151 sorte
1768 1083 2060 1174 adjectivi
2102 1082 2483 1166 ‚intransitivi
2533 1082 2739 1150 forma

463 1272 782 1364 quaedam
843 1268 909 1362 5.
949 1269 1081 1337 244
1137 1269 1471 1351 manserit,
1535 1281 1611 1339 ut
1670 1208 1831 1374 ἑὲ
1865 1273 2133 1348 tristis,
2193 1268 2504 1336 tristitia
2543 1268 2737 1336 labo-

1985 1416 2138 1454 Γ),

461 1500 651 1544 rans.
772 1440 967 1544 Pare
1011 1478 1330 1565 passivum
1386 1489 1604 1546 autem
1657 1477 1928 1560 formam
1983 1426 2131 1557 35²3
2151 1519 2175 1555 ,
2233 1500 2401 1567 quae
2441 1476 2734 1568 adjectivi

458 1627 703 1686 tantum
746 1615 806 1682 vi
847 1616 1193 1704 permansit
1232 1614 1298 1708 5.
1321 1618 1451 1685 244
1468 1668 1489 1698 ,
1547 1638 1800 1706 semper
1832 1602 1878 1698 s„
1915 1618 2252 1706 praeponit
2292 1641 2333 1683 e
2375 1629 2732 1686 ceterarum

457 1752 739 1819 omnium
795 1747 1086 1837 stirpium
1128 1747 1531 1818 similitudine
1572 1746 1636 1838 5.
1670 1750 1831 1830 274,
1900 1751 2027 1837 quo
2070 1750 2211 1839 ipso
2255 1761 2419 1840 part.
2461 1750 2729 1820 denota-

452 1945 545 2013 tio
614 1954 715 2011 est
766 1940 1156 2023 distinctior,
1219 1949 1294 2008 ut
1321 1881 1523 2020 3523:
1544 1974 1567 1995 ·
1671 1942 1978 2010 Vocalem
2033 1943 2102 2010 id
2153 1948 2512 2034 praefixam
2539 1943 2729 2017 'tenet

456 2058 811 2148 proximam
850 2081 916 2122 a.
2447 2051 2451 2056 ’

316 2318 430 2371 274
618 2296 700 2385 2)
747 2297 1134 2363 Ceterarum
1184 2300 1399 2359 autem
1447 2294 1737 2383 stirpium
1780 2295 2061 2364 omnium
2099 2295 2432 2388 participia
2470 2297 2599 2362 una
2642 2318 2725 2362 ex

448 2413 599 2501 lege
658 2412 1027 2478 formantur.
1132 2407 1444 2475 Omnibus
1480 2457 1532 2488 ,ο
1578 2409 1994 2496 praeponitur
2052 2425 2385 2479 externum
2423 2409 2576 2500 quid
2620 2406 2722 2498 (5.
2793 2459 2800 2464 .

443 2525 611 2613 253)
678 2534 746 2592 et
799 2523 906 2589 hic
961 2519 1221 2610 quidem
1279 2544 1648 2609 personam
1691 2520 2036 2611 designans
2081 2525 2184 2589 cui
2241 2522 2393 2612 quid
2436 2523 2721 2590 attribui-

442 2649 582 2721 tur,
650 2636 847 2725 idque
902 2657 944 2700 a
997 2634 1225 2701 ceteris
1278 2635 1488 2702 multis
1544 2635 1772 2724 quibus
1813 2683 1860 2716 a
1898 2638 2253 2725 praefixum
2293 2636 2553 2703 inservit
2590 2636 2718 2703 usi-

442 2754 567 2818 bus
619 2751 709 2818 ita
770 2748 1089 2815 diversum
1140 2756 1214 2814 ut
1253 2748 1456 2814 vocali
1493 2760 1532 2809 u
1572 2749 2045 2836 pronuncietur.
2172 2750 2372 2818 Activi
2415 2750 2612 2839 igitur
2653 2760 2721 2818 et

442 2864 674 2955 passivi
729 2861 1075 2929 discrimen
1126 2860 1261 2928 sola
1319 2860 1645 2928 secundae
1709 2861 2002 2931 radicalis
2060 2866 2263 2933 vocali
2321 2864 2569 2932 diversa
2621 2866 2717 2931 in-

444 2978 667 3068 signiri
709 2985 940 3066 potest.
1047 2974 1301 3062 Nempe
1359 2985 1433 3042 ut
1486 2976 1736 3066 imperf.
1794 2988 1944 3068 post
2000 3002 2129 3047 sec.
2176 2977 2313 3046 rad.
2349 2982 2379 3044 ι’
2418 2979 2617 3047 habet
2649 2980 2718 3045 in

444 3094 697 3175 activis,
764 3115 810 3157 a
852 3091 916 3157 in
954 3086 1250 3177 passiviS,
1290 3087 1520 3156 eodem
1562 3089 1756 3158 modo
1800 3102 1997 3181 part„
2042 3093 2305 3160 externa
2344 3093 2520 3161 vocis
2559 3092 2716 3160 initii

443 3207 825 3273 formatione
878 3202 1256 3292 imperfecto
1326 3226 1482 3292 par3
1549 3205 1668 3271 nisi
1725 3202 1900 3292 quod
1942 3215 2103 3292 part.
2154 3228 2299 3272 cum
2339 3208 2544 3294 prima
2588 3206 2713 3295 syl-

440 3318 587 3386 laba
641 3318 842 3385 vocali
896 3338 1024 3382 non
1075 3314 1363 3397 differat,
1439 3316 1505 3382 in
1560 3318 1621 3386 V
1665 3318 1855 3384 etiam
1898 3329 1965 3386 et
2002 3319 2111 3386 VI.
2153 3330 2232 3387 st.
2288 3320 2562 3387 activum
2600 3343 2714 3386 vo·-

442 3433 563 3500 cali
618 3433 649 3498 z·
704 3432 1098 3519 distinguere
1158 3430 1433 3518 cogitur.
1561 3429 1700 3496 Sed
1758 3430 1822 3496 in
1875 3430 1993 3497 IX.
2036 3431 2168 3513 XI,
2243 3433 2392 3521 quia
2455 3434 2707 3502 omnino

437 3547 622 3617 activi
678 3555 747 3613 et
798 3544 1029 3634 passivi
1084 3543 1457 3612 discriminis
1523 3544 1793 3633 ignarae
1850 3554 1997 3612 sunt
2059 3542 2125 3636 5.
2159 3547 2320 3628 229,
2393 3558 2605 3616 manet
2661 3571 2707 3613 a

434 3748 509 3806 ut
559 3667 743 3817 3291:
793 3737 1164 3827 nigricans
1206 3740 1353 3805 Sur.
1382 3738 1489 3819 43,
1536 3740 1637 3807 17.
1699 3817 1704 3820 ,
1747 3738 1984 3806 Cetera
2025 3740 2383 3809 formationi
2427 3740 2705 3829 singula-

432 3851 531 3917 ria
587 3874 667 3917 ex
739 3850 985 3940 imperf.
1046 3851 1424 3918 formatione
1489 3872 1684 3940 supra
1738 3849 2061 3940 descripta
2113 3853 2465 3944 repetenda
2539 3867 2703 3924 sunt.

433 3963 626 4031 Unde
667 3964 1146 4053 participiorum
1186 3966 1466 4032 omnium
1511 3977 1891 4055 conspectus
1933 3967 2150 4056 prodit
2189 3969 2325 4035 bic:
