2984 4959
447 320 594 387 218
784 305 901 375 De
953 305 1332 375 nominum
1376 301 1715 399 junctura
1771 313 1846 372 et
1895 302 2384 375 declinatione.

446 490 705 557 nunatio
761 498 937 577 postl
967 486 1302 554 articulum
1361 507 1616 573 semper
1671 486 1855 554 deest
1906 486 2013 574 1)‚
2056 498 2129 555 ut
2168 488 2428 554 nunatio
2468 498 2714 557 tautum

444 699 674 742 nomen
719 698 984 764 prorsus
1027 674 1302 742 solitarie
1344 672 1622 762 positum
1667 673 2051 764 distinguat,
2095 686 2173 744 ¹ut
2212 620 2492 760 3,έρΐό
2546 670 2715 767 ἀνὴρ

561 802 597 838 5
619 807 649 838 2
666 820 693 837 a
2742 807 2751 818 ⁷

442 875 508 930 et
549 856 686 943 juv
725 856 918 950 ἁνήρ.
1002 863 1085 928 At
1126 885 1204 927 eo
1248 885 1451 950 usque
1496 885 1621 928 non
1664 862 1828 930 valet
1868 864 2112 931 articuli
2156 864 2245 932 vis
2293 875 2364 931 ut
2401 877 2459 942 ζ,
2508 887 2546 929 e
2581 875 2710 931 ter·
2745 946 2748 953 ὁ

439 977 795 1044 minatione
822 974 927 1041 du.
974 988 1040 1043 et
1080 975 1163 1065 pl.
1206 1000 1396 1056 msc.‚
1453 986 1528 1045 ut
1568 976 1629 1041 in
1675 988 1818 1044 stat.
1865 990 2098 1045 constr.
2141 981 2248 1058 fit,
2306 979 2590 1067 auferat;
2645 978 2710 1043 id

441 1093 607 1158 enim
653 1090 735 1157 ad
777 1091 981 1180 ipsam
1023 1091 1543 1183 terminationem⁴
1570 1111 1648 1155 ex
1690 1088 1940 1177 origine
1968 1091 2240 1177 pertinet
2273 1114 2479 1180 neque
2508 1114 2708 1157 nuna-

438 1207 624 1273 tionis
691 1190 887 1273 instar
949 1203 1175 1290 sonori·
1229 1213 1473 1271 tantum
1518 1213 1610 1273 ‘et
1677 1204 1974 1293 plenioris
2054 1207 2260 1273 exitus
2333 1207 2526 1273 causti
2592 1204 2708 1272 ad-

424 1320 688 1410 jectum.

305 1528 413 1578 3³7
602 1515 1029 1583 Nunationem
1061 1513 1256 1580 litera.
1274 1511 1550 1601 quadam
1576 1513 1640 1580 in
1671 1514 1984 1602 scriptura
2013 1512 2187 1580 haud
2218 1513 2483 1602 exprimi
2507 1536 2700 1603 supra

420 1631 557 1720 jam
598 1627 662 1719 §.
703 1631 784 1694 81
848 1627 1090 1711 dictum
1148 1640 1262 1695 est.
1366 1626 1505 1693 Sed
1558 1628 1901 1695 accusativi
1944 1640 2160 1695 tamen
2201 1627 2561 1695 terminatio
2603 1651 2697 1691 an

425 1745 490 1808 in
536 1742 849 1828 scriptura
883 1741 1019 1844 jam
1062 1740 1492 1827 antiquissima
1535 1740 1734 1807 vocali
1782 1759 1798 1817 ς
1841 1743 1905 1807 in
1959 1743 2089 1807 fine
2129 1741 2364 1829 scripta
2407 1740 2705 1808 distincta

430 1869 561 1934 est,
637 1877 1000 1943 quanquam
1060 1853 1195 1921 sola
1251 1854 1483 1920 vocalis
1538 1855 1747 1920 brevis
1816 1876 1863 1916 a
1920 1853 2056 1919 sine
2123 1855 2481 1921 nunationis
2542 1878 2699 1922 sono

426 1970 703 2058 longiori
745 1992 872 2034 non
914 1979 1168 2057 poterat
1206 1990 1325 2056 per
1368 1983 1385 2044 ς
1429 1966 1622 2034 scribi
1664 1965 1765 2057 (ὃ.
1796 1965 1921 2050 77)
1969 1966 2061 2055 ²).
2169 1967 2262 2035 Et
2302 1970 2698 2036 accusativus

423 2083 817 2172 potissimum
882 2082 970 2148 ita
1033 2080 1208 2170 quod
1269 2079 1604 2146 dilucidius
1669 2080 1939 2169 scriptus
2009 2091 2137 2161 est,
2215 2069 2473 2149 factum‘
2525 2082 2698 2149 haud

423 2197 616 2263 dubie
658 2196 807 2262 inde
856 2195 1029 2284 quod
1084 2219 1230 2263 cum
1274 2194 1690 2262 nominativus
1734 2216 1986 2283 semper
2027 2195 2424 2285 praepositus
2448 2248 2467 2277 ‚
2513 2197 2697 2284 geni-

421 2314 583 2379 tivus
627 2334 705 2377 ex
749 2312 1072 2377 nominum
1105 2309 1407 2404 junctura
1446 2308 1664 2374 intima
1706 2308 2083 2396 perspicuus
2127 2311 2241 2390 sit,
2300 2311 2696 2377 accusativus

417 2427 613 2492 multo
658 2434 755 2491 est
798 2423 1114 2490 difficilius
1157 2423 1294 2489 sine
1337 2421 1692 2510 scripturae
1739 2448 1866 2513 φο
1910 2422 2426 2512 dignoscendus»,
2469 2447 2693 2512 saepe-

418 2564 545 2628 que
604 2537 947 2606 adverbiali
1007 2560 1129 2603 usu
1184 2535 1504 2603 adhibitus
1566 2559 1753 2604 casus
1822 2547 1921 2604 est
1977 2537 2390 2622 gravissimus
2457 2549 2522 2606 et
2589 2539 2692 2626 qui

420 2701 847 2789 distinguatur
902 2697 1305 2787 dignissimus
1356 2697 1449 2786 ³).
1570 2697 1713 2767 Etsi
1769 2698 1834 2763 in
1894 2707 2074 2764 term.
2128 2721 2227 2785 sg.
2277 2698 2319 2762 f.
2376 2676 2498 2777 ἔξ...
2533 2723 2693 2767 nun-

419 2839 609 2902 quam
670 2828 685 2892 ς
751 2807 1054 2902 scriptum
1118 2823 1250 2893 est,
1326 2810 1572 2883 scilicet
1628 2810 1854 2877 ne-ita
1907 2834 2027 2902 pro
2084 2857 2115 2895 ὅ
2178 2811 2386 2903 media
2425 2814 2491 2879 in
2535 2836 2694 2881 voce

416 2925 824 2995 scribendum
870 2938 1039 2994 esset
1081 2956 1144 3006 c,
1190 2949 1271 2992 ex
1313 2924 1478 3015 lege·
1505 2920 1692 3013 §.62

518 3238 580 3304 1)
618 3238 742 3289 satis
791 3227 1121 3288 memorabile
1172 3232 1323 3283 nobis
1369 3245 1580 3298 prorsus
1630 3233 1848 3284 sim-ilem
1901 3248 2017 3284 esse
2052 3235 2271 3287 nominis
2306 3250 2423 3288 cum
2461 3236 2683 3290 articulo

617 3327 786 3395 juncti
819 3327 1103 3378 rationem:
1164 3318 1500 3391 §Blinbet'
1562 3321 1672 3380 bet·
1722 3319 1996 3383 {minte-

1442 3450 1570 3486 90«
2124 3456 2239 3488 ,ea

513 3513 577 3580 2)
615 3512 676 3564 In
724 3511 838 3563 solo
885 3509 1091 3561 nomine
1140 3510 1349 3578 proprio
1394 3529 1553 3595 ,με
1592 3500 1850 3569 Ἀιηνιιη,
1907 3526 2009 3581 quo
2044 3525 2075 3560 a
2095 3529 2222 3598 >⁴²
2263 3512 2464 3561 Omaru
2504 3511 2685 3563 distin-

618 3626 891 3690 gueretur‚
956 3620 1232 3687 scriptura,
1253 3625 1402 3672 vetus
1449 3621 1705 3674 vocalium·
1738 3622 2003 3687 signorum
2039 3624 2221 3687 ignara
2255 3639 2438 3675 sonum
2476 3622 2683 3690 plenio-

620 3747 732 3788 rem
767 3749 842 3784 un
877 3730 1111 3783 similiter
1146 3746 1242 3799 per
1280 3761 1319 3812 9
1355 3731 1627 3784 dilucidius
1675 3735 1947 3801 expressit.
2040 3734 2100 3786 In
2148 3736 2377 3801 genitivo
2426 3733 2682 3800 scriptura

1379 3836 1412 3871 0
1435 3854 1455 3866 e
2102 3847 2134 3870 z
2150 3839 2187 3870 0
2201 3853 2227 3868 0

621 3891 748 3945 haec
783 3892 985 3969 integra
1021 3896 1256 3942 servatur
1277 3913 1444 3977 :2⁴⁹
1478 3886 1687 3945 'Amrin
1704 3913 1724 3951 ,·
1774 3894 1828 3946 in
1875 3909 2046 3947 accus„
2081 3880 2212 3979 [με
2264 3895 2414 3948 sueta
2469 3891 2683 3962 scriptio

1324 3979 1357 4003 2

1557 4045 1679 4075 ao>

624 4111 718 4164 per
754 4085 774 4147 l
827 4073 969 4184 (suae
1011 4072 1083 4181 3)
1112 4065 1311 4171 sufficit
1347 4098 1447 4164 qua
1486 4116 1517 4150 a
1532 4117 1658 4184 5⁶²
1700 4097 2056 4165 distinguatur.

514 4247 579 4315 3)
617 4245 732 4298 hinc
767 4245 1047 4298 arabismus
1083 4246 1309 4310 vulgaris
1363 4252 1570 4299 ceteros
1617 4262 1768 4299 casus
1821 4249 2065 4313 ignorans
2114 4233 2465 4300 accusativum
2511 4251 2681 4297 tamen

622 4337 966 4391 adverbialem
1005 4344 1058 4389 et
1092 4339 1511 4404 pronunciatione
1548 4345 1600 4392 et
1625 4341 1891 4409 'scriptura
1928 4341 2163 4393 servavit.
2368 4346 2375 4351 ’
